2896 5130
514 332 733 390 ..27-

10 518 26 553 -s
81 511 117 588 legi
134 513 272 582 solebant,
303 513 451 572 interdum
483 513 655 588 adiungere.
704 516 738 572 In
771 513 904 590 singulos
928 513 1011 572 locos
1044 515 1210 574 accuratius

10 618 650 696 „mmmmmffl

613 914 638 951 I.

102 1010 294 1086 turabulis,
320 1029 404 1098 uuas
429 1014 551 1098 austae
576 1015 611 1081 et
636 1012 900 1098 nyttuurayrtrus
933 1013 1165 1083 communibus

463 1118 615 1189 fontibus
640 1121 772 1190 debent.

147 1253 317 1326 Antequam
340 1271 410 1310 vero
435 1252 474 1310 ad
506 1252 537 1310 id
562 1253 668 1327 ipsunt,
704 1253 786 1327 quod
817 1253 905 1309 nobis
940 1252 1124 1328 propositum
1155 1264 1209 1322 est,

56 1366 234 1429 transeamus,
260 1378 357 1434 pauca
388 1371 473 1417 erunt
506 1360 739 1435 praemonenda,
773 1360 881 1434 quibus
914 1360 988 1417 locis
1021 1361 1209 1418 statuendam

55 1482 113 1523 esse
132 1467 275 1526 eiusmodi
293 1466 488 1525 imirationem
511 1486 696 1526 censeamus.
744 1467 924 1525 Schrnidtius
940 1468 1062 1542 quidem
1079 1469 1209 1526 suliulam

59 1591 120 1646 134,
142 1594 218 1649 quae
242 1575 281 1632 de
304 1576 465 1648 Tyrrhenis
490 1587 543 1642 est,
569 1576 700 1651 spuriam
734 1595 799 1634 esse
824 1585 918 1650 putat,
944 1595 1012 1633 cum
1046 1582 1209 1633 ‘nautarum

55 1679 264 1754 Tyrrhenorum
287 1681 410 1741 nomina
444 1701 480 1740 ex
512 1683 613 1741 Ouidii
637 1677 917 1768 μειαμορφοὶσεων
948 1684 1026 1740 libro
1054 1682 1211 1740 videantur

53 1789 193 1849 sublecta’.
211 1785 233 1866 ¹)
280 1792 318 1847 Et
341 1809 521 1866 quamquam
555 1791 585 1847 in
618 1810 665 1860 e0,
697 1792 780 1866 quod
815 1792 854 1850 de
887 1791 1018 1865 vestigiis
1051 1790 1210 1850 Ovidianis

55 1897 142 1967 sensit,
159 1909 297 1956 constans
314 1898 370 1955 sibi
387 1898 449 1966 suit,
468 1899 526 1955 hoc
551 1908 650 1956 tamen
667 1899 736 1956 loco
752 1899 883 1973 neglexit
900 1917 938 1957 ne
956 1878 1070 1973 'respici
1087 1897 1210 1973 quidem

56 2005 208 2080 catalogum
226 2006 407 2064 Ovidianum
424 2000 508 2087 (met.
526 2008 579 2075 ΙΙΙ,
600 2006 794 2084 582—-691)‚
809 2007 839 2064 id
856 2007 938 2081 quod
965 2019 1046 2064 recte
1063 2005 1209 2063 lllaassius

56 2108 178 2186 Ungerus
203 2114 323 2172 Crusius
338 2108 361 2190 2)
385 2125 573 2172 monuerunt.
622 2114 727 2190 Neque
751 2114 831 2172 enirn
856 2116 996 2171 Proreurn
1027 2112 1209 2171 Ouidianum

59 2215 177 2292 Hyginus
200 2239 299 2295 neque
323 2221 475 2279 Simonem
500 2222 706 2296 Hyginianunr
721 2215 743 2299 3)
768 2221 894 2281 Ovidius
918 2220 1210 2295 nominat:denique

10 2320 12 2327 '
58 2321 116 2383 loco
135 2327 235 2404 viginti
260 2340 414 2386 nautarum
433 2329 651 2387 Ovidianorum
676 2324 717 2410 (v.
745 2329 820 2406 687)
844 2329 883 2386 ab
901 2327 1024 2402 Hygino
1048 2327 1210 2387 duodecim

60 2445 239 2494 numerantur.
283 2439 439 2495 Praeterea
456 2437 587 2507 nomina,
605 2456 683 2512 quae
700 2437 838 2512 Hyginus
855 2436 988 2511 praebet,
1005 2436 1043 2494 ad
1061 2435 1211 2494 Ovidiana

62 2544 268 2602 accommodare
302 2563 339 2602 eo
363 2545 459 2603 minus
491 2544 602 2614 licebit,
628 2545 710 2619 quod
734 2544 848 2618 reliqua
872 2561 993 2617 quoque
1016 2542 1146 2600 narratio
1170 2542 1208 2600 ab

62 2643 150 2706 Ouidio
173 2651 318 2711 dissentit.
366 2653 452 2720 Nam,
485 2663 516 2710 ut
541 2671 586 2710 res
617 2652 743 2710 leviores
768 2651 914 2720 omittam,
948 2650 1029 2725 apud
1054 2649 1208 2725 Hyginum

64 2749 183 2826 Tyrrheni
207 2759 349 2817 Liberum
373 2779 497 2834 puerum
522 2759 631 2817 amoris
656 2778 746 2817 causa
770 2759 887 2829 tollunt,
912 2776 1043 2833 quocum
1078 2756 1210 2815 concinit

10 2896 11 2902 .
64 2856 154 2922 Servius
177 2867 297 2925 Daniel.
323 2867 362 2924 ad
386 2869 462 2926 Aen.
488 2869 512 2937 Ι,
539 2870 589 2940 67.
639 2866 740 2925 Ovidii
765 2877 864 2924 autem
889 2884 1006 2924 versum
1031 2868 1093 2922 606

147 2982 228 3048 utque
236 2981 332 3049 putat,
343 2976 484 3049 praedam
501 2976 605 3032 deserto
620 2983 716 3032 nactus
731 2976 760 3031 in
774 2993 844 3046 agro

67 3067 185 3138 illustrant
213 3082 393 3156 Apollodori
416 3083 509 3140 verba
532 3077 577 3157 (3.
605 3098 632 3157 5.
661 3081 709 3159 3):
743 3083 773 3142 ol
797 3079 833 3144 δὲ
857 3077 958 3144 αὐτὸν
981 3074 1038 3161 (sc.
1063 3079 1210 3154 Tyrrheni

10 3197 16 3226 z<
66 3177 194 3265 Liberum)
206 3185 381 3269 ἐνθέμενοι
395 3187 509 3262 Νάξον
521 3193 583 3272 μὲν
600 3187 795 3273 παρέπλεον,
811 3186 982 3269 ἠπείγοντο
996 3185 1032 3250 δὲ
1044 3190 1088 3262 εἰς
1099 3185 1210 3250 Ἀσίαν

66 3283 336 3376 ἅπεμπολήσοντες.

144 3403 289 3477 Exempla
312 3403 401 3478 igitur
425 3404 581 3474 eiusmodi,
614 3404 644 3460 in
677 3403 785 3478 quibus
818 3422 856 3460 ne
887 3402 1053 3478 argumenti
1087 3400 1209 3476 quidem

10 3500 11 3532 ³
65 3499 201 3568 similitudo
220 3521 366 3581 occurrat,
385 3531 403 3569 a
419 3511 623 3587 disputatione
640 3511 824 3569 secludenda
841 3529 906 3568 esse
922 3520 1014 3586 patet.
1054 3511 1092 3567 Et
1108 3527 1209 3583 quam-

13 3611 15 3616 ’
64 3623 130 3679 quarn
151 3617 315 3675 certissimo
352 3619 525 3677 imitationis
557 3618 669 3676 indicio
694 3629 778 3675 erant
810 3618 902 3675 verba
930 3616 1049 3693 poetica
1082 3614 1210 3674 orationi

13 3778 15 3795 ,
64 3711 162 3780 fabulari
182 3725 325 3794 admixta,
350 3736 449 3784 tamen
480 3746 542 3784 non
566 3725 669 3783 licebit
692 3744 742 3782 eas
777 3725 893 3782 fabulas
926 3724 1096 3800 praeterire,
1131 3741 1209 3797 quae

10 3861 14 3885 -,
64 3822 131 3886 s(llius
152 3833 330 3892 narrationis
357 3853 537 3892 consensum
562 3833 714 3909 quendam
730 3833 874 3890 maiorem
899 3851 966 3889 curn
991 3830 1103 3889 Ovidio
1127 3849 1209 3907 prae·

11 3968 13 3976 .
64 3922 138 3994 beant,
182 3941 280 4013 Quem
309 3960 488 4000 consensum
520 3940 651 4015 Longius
683 3940 722 3997 ita
752 3939 901 4015 explicare
934 3950 1059 3997 conatus
1092 3947 1145 4008 est,
1178 3946 1208 3994 ut

10 4156 12 4161 .
66 4116 354 4142 Nm———u

145 4237 164 4302 ¹)
181 4240 260 4304 prael.
282 4257 308 4303 p.
329 4241 423 4288 XXIV.

145 4324 265 4396 ²)Maass
283 4330 372 4378 Herm.
393 4330 489 4394 xxm,
511 4345 536 4392 p.
559 4330 624 4388 6143
657 4329 741 4394 Unger
769 4327 858 4394 philol.
879 4327 969 4387 XLVI,
993 4343 1019 4390 p.
1041 4338 1106 4389 223;
1148 4324 1208 4373 Cru-

63 4400 99 4453 sus
114 4414 194 4474 putor.
215 4420 247 4479 11,
271 4436 296 4484 p.
321 4433 372 4470 220
391 4437 411 4468 s.

147 4503 165 4571 ³)
184 4509 284 4559 Crusius
302 4510 320 4558 1.
341 4510 359 4560 l.
380 4526 406 4577 p.
432 4523 492 4562 221.
513 4527 538 4564 u,
561 4521 603 4573 59.
