2896 5130
520 104 718 160 ..9-

65 294 168 341 extrema
191 281 298 357 prioris
321 282 414 339 verba
438 292 606 357 repetantur
630 281 714 338 initio
740 282 921 356 posterioris.
970 280 1117 356 Exemplo
1134 286 1201 336 sunt

65 391 139 466 capita
164 409 221 463 103
249 389 451 466 (Protesilaus)
476 400 505 447 et
533 409 591 460 104
618 386 818 469 (Laodamia),
856 409 933 464 quae
957 389 1027 446 olim
1064 395 1202 462 separata

65 516 108 554 non
128 498 212 554 fuisse
235 496 395 571 praecipue
419 495 574 553 iteratione
599 496 756 554 verbonun
779 496 826 553 vix
855 496 978 555 serenda
1001 496 1119 553 dolorem
1136 494 1204 568 pati

67 626 105 661 111
127 607 217 678 potuit
251 604 403 662 docemur.
452 604 542 662 Cuius
571 604 612 661 rei
648 606 786 679 exempla
811 624 828 662 a
852 602 1017 662 Schmidtio
1053 601 1144 676 prael.
1170 619 1199 674 p.

67 714 202 769 XXXVIII
219 733 286 786 sqq.
307 712 416 769 collata
439 722 514 781 sunt,
533 731 549 769 e
573 711 681 785 quibus
705 711 848 786 gravioris
873 711 1016 768 momenti
1040 728 1105 767 esse
1129 718 1201 783 puto

68 819 150 878 exitum
173 820 292 878 fabulae
322 839 380 894 119
405 839 484 893 quem
502 827 598 894 postea
614 819 718 893 suriae
741 821 842 876 rrartrz's
864 820 1049 891 exagitarunt
1081 835 1201 890 compa·
1260 831 1261 834 ’

68 938 138 984 ratum
161 947 230 984 curn
255 926 340 984 initio
357 926 475 983 fabulae
503 945 562 982 120
585 925 706 983 Orestem
726 926 826 999 furiae
848 941 908 982 cam
926 926 1110 997 extrgitarrnt.
1160 923 1201 979 Ut

68 1035 197 1103 nonnulla,
224 1053 301 1108 quae
326 1034 496 1102 cohaerent,
522 1032 647 1101 divulsa,
673 1033 713 1090 ita
749 1033 816 1101 alia,
853 1051 929 1107 qnae
965 1033 1046 1088 nullo
1082 1030 1200 1086 vinculo

67 1139 120 1198 inter
140 1161 169 1199 se
205 1140 347 1216 coniungi
382 1149 515 1215 possunt,
549 1139 752 1214 conglutinata
787 1149 862 1198 sunt.
912 1141 983 1212 Quo
1012 1139 1041 1195 in
1077 1155 1201 1194 numero

33 1244 36 1249 ’
67 1259 132 1322 caput
158 1252 214 1306 182
241 1248 413 1306 habendum
440 1257 491 1304 est.
539 1247 627 1305 Initia
650 1257 802 1322 praeterea
835 1247 1002 1304 fabularum
1026 1266 1044 1303 a
1079 1245 1200 1319 posteri·

66 1355 141 1413 oribus
163 1357 334 1430 adaequata
357 1374 421 1414 esse
445 1355 610 1412 locutiones
628 1354 797 1423 nonnullae,
815 1373 892 1427 quae
909 1354 939 1410 in
955 1351 1084 1411 exordiis
1101 1370 1200 1409 eanrrn

28 1460 32 1469 '
66 1464 162 1521 moleste
186 1463 283 1521 iterari
319 1463 424 1532 solent,
462 1462 598 1520 videntur·
633 1463 761 1537 docere;
787 1463 824 1520 cf.
861 1462 945 1519 initia
981 1460 1112 1536 capitum
1141 1461 1198 1533 185

67 1569 202 1638 (8111111111
226 1571 396 1627 Atalantam
411 1570 509 1644 filiam
526 1572 662 1641 originem
677 1571 917 1645 forrrrost'ssr'mum
934 1571 1035 1626 dicitur
1050 1568 1201 1636 habuisse),

70 1680 213 1751 186,187,
248 1680 317 1746 188,
360 1696 430 1752 199,
469 1696 540 1748 204,
567 1680 607 1734 80
648 1671 711 1757 (81.
742 1677 791 1752 15)
830 1687 859 1735 et
884 1697 921 1752 92
960 1674 1022 1752 (87.
1051 1674 1111 1749 22),
1142 1693 1200 1729 110

66 1783 112 1858 (99.
134 1788 169 1862 6).
217 1786 265 1842 nd
289 1795 451 1843 extremum
476 1803 572 1859 pauca
597 1785 635 1842 de
659 1785 775 1853 ordine,
801 1803 862 1858 quo
879 1785 1001 1842 fabulae
1017 1790 1200 1850 enarrantur,

67 1889 152 1950 addere
173 1892 271 1950 liceat.
319 1892 396 1949 Nam
433 1909 614 1966 quamquam
639 1892 796 1951 Schmidtii
820 1890 1035 1967 transponendi
1055 1888 1201 1947 rationem

69 2015 144 2070 nemo,
169 2001 219 2074 qui
244 2000 365 2074 quidem
390 1999 506 2057 sobrius
531 2000 576 2068 sit,
602 2000 751 2075 probabit,
785 1999 888 2075 negari
911 2018 971 2057 non
1002 2007 1100 2073 potest
1122 1996 1202 2053 haud

22 2178 25 2183 .
66 2105 176 2181 exiguam
200 2125 265 2165 esse
289 2106 494 2164 contusionem
511 2107 541 2163 in
558 2107 686 2182 capitum
704 2107 912 2166 collocatione.
960 2107 1050 2164 Velut
1066 2104 1201 2162 Sirenum

64 2211 141 2272 sabula
163 2215 261 2289 capite
289 2234 344 2285 141
373 2214 449 2271 inter
472 2214 615 2289 Pythonis
640 2226 668 2272 et
692 2215 849 2273 Pandorae
886 2215 1002 2272 fabulas
1038 2223 1200 2278 enarratur,

64 2337 90 2376 ea
107 2341 177 2394 vero,
202 2343 279 2400 quae
303 2325 340 2383 de
364 2326 543 2401 Proserpina
567 2337 642 2396 sunt,
669 2345 747 2400 quae
784 2325 929 2383 artissime
963 2344 1030 2381 curn
1066 2323 1118 2380 illa
1153 2341 1201 2378 co-

67 2425 173 2501 haerent,
198 2442 361 2506 sequuntnr
385 2432 414 2491 in
439 2433 538 2508 capite
567 2435 636 2504 146.
673 2435 747 2491 Item
772 2442 861 2508 caput
889 2435 946 2505 183
972 2450 1033 2489 non
1058 2449 1124 2488 esse
1147 2447 1202 2486 suo

17 2536 20 2545 '
63 2533 114 2592 loco
134 2558 219 2597 uerno
243 2558 304 2596 non
329 2540 484 2599 concedet.
505 2549 507 2553 ’
534 2542 570 2600 Et
594 2540 737 2614 quoniam
761 2540 905 2597 nonnulla
930 2540 959 2596 in
978 2538 1080 2596 libello
1098 2546 1202 2594 contra

64 2646 165 2704 auctoris
188 2647 365 2704 sententiam
390 2647 534 2723 disposita
550 2666 615 2706 esse
631 2657 759 2717 constat,
776 2647 931 2722 pristinum
948 2656 1045 2704 autem
1063 2644 1201 2703 ordinem

64 2750 152 2810 astitui
174 2773 262 2830 posse
287 2755 506 2830 desperandum
536 2769 589 2824 est,
627 2755 716 2826 idem,
754 2756 836 2830 quod
872 2773 969 2829 supra,
1005 2770 1202 2828 agnoscamus

65 2869 157 2927 oportet
180 2871 272 2918 totam
299 2863 502 2920 recensionem
527 2862 565 2920 ab
582 2863 741 2938 integriore
770 2862 917 2919 diversam
933 2879 1006 2918 esse.
1055 2858 1115 2916 Sed
1132 2858 1200 2926 iarn,

64 2977 113 3020 cunr
133 2967 159 3024 in
184 2968 285 3026 anirno
310 2969 346 3026 sit
370 2969 539 3045 diligentius
556 2969 722 3039 enucleare,
741 2988 800 3043 qua
816 2968 930 3026 ratione
946 2978 975 3025 et
991 2987 1051 3041 quo
1068 2979 1201 3040 ternpore

63 3064 156 3132 libellus
191 3075 221 3131 in
257 3095 333 3145 eam,
370 3096 460 3150 quarn
485 3097 540 3134 nos
577 3078 731 3146 habemus,
768 3077 894 3134 sormam
930 3075 1068 3133 redactus
1092 3074 1137 3142 sit,
1163 3073 1201 3130 ad

63 3174 215 3240 elocutionis
251 3183 490 3241 observationem
526 3194 719 3252 transeamus,
757 3194 787 3240 ut
822 3183 965 3241 sermonis
1001 3180 1202 3256 discrepantia

62 3297 195 3363 perspecta
220 3291 333 3349 firmius
358 3292 396 3350 de
420 3301 482 3349 tota
505 3311 536 3349 re
560 3291 597 3348 sit
619 3289 772 3349 iudicium.

606 3577 632 3616 2.

277 3680 322 3747 lla
348 3679 548 3757 elocutione,
574 3694 660 3764 quae
685 3679 739 3745 est
764 3678 794 3745 ia
820 3675 957 3745 fatuus.

148 3828 254 3884 Denuo
273 3826 388 3884 initium
405 3827 558 3902 capiamus
581 3847 599 3884 a
623 3825 796 3902 fragmentis
813 3836 976 3883 ceterarum
994 3823 1201 3882 recensionum

61 3929 238 4002 conterendis,
257 3952 381 4008 quonrnr
405 3934 463 3991 hoc
486 3934 607 4008 quidem
631 3934 699 3991 loco
724 3933 853 3990 maxime
869 3930 1104 3990 Niebuhrianunr
1128 3931 1201 3989 illud

62 4039 265 4110 conparatione
288 4041 409 4116 dignum
435 4041 551 4099 videtur
574 4060 648 4099 esse.
697 4043 775 4098 Tum
799 4040 880 4098 enirn
904 4058 980 4107 eam,
1013 4057 1101 4112 quam
1126 4038 1202 4096 inter

10 4146 12 4211 ξ
61 4131 171 4203 diversas
196 4148 385 4205 recensiones
409 4167 473 4206 esse
497 4148 682 4221 agnovimus,
714 4146 945 4222 discrepantiam
981 4145 1067 4203 etiarn
1093 4146 1131 4202 ad
1155 4165 1201 4205 res

61 4248 188 4313 Pertinere
222 4255 396 4313 minutiores
420 4265 449 4312 et
476 4256 621 4313 sermonis
656 4253 859 4333 proprietates,
896 4273 969 4328 quas
1005 4254 1201 4328 fragmentum
