2896 5130
631 286 850 346 ..41-

115 482 137 520 2²:
197 466 268 539 meat,
291 467 347 527 sibi
371 468 549 545 despondet,
575 472 628 529 sed
660 482 763 546 postea
798 471 947 533 destituit:
972 472 1052 548 apud
1078 484 1199 550 poetam
1215 473 1321 548 Scylla,

112 586 140 626 21:
195 588 212 634 ut
227 577 288 635 illius
304 578 428 652 gratiam
454 578 511 635 sibi
529 579 677 648 conciliet,
696 591 809 654 patrem
827 581 934 655 prodit.
985 582 1096 639 Fabula
1114 581 1286 657 Hyginiana
1299 577 1324 657 ¹)

130 698 140 732 1:
192 695 311 759 praeterea
333 696 433 742 narrat
457 687 585 760 Scyllam
609 706 640 744 se
664 687 694 743 in
718 706 799 746 mare
824 687 1045 763 praecipitasse,
1069 699 1101 745 ut
1124 700 1236 764 patrem
1261 706 1323 762 per·

112 798 142 837 Γῆ
190 803 331 866 sequentem
355 793 477 866 fugeret.
525 793 609 850 Alias
633 812 738 850 causas
763 794 888 852 Ovidius
913 805 941 852 et
973 795 1023 852 alii
1054 797 1187 854 afferunt.
1234 795 1324 852 Nisus

188 898 288 973 denique
320 899 402 957 crine
438 900 546 957 amisso
583 904 662 975 apud
694 911 815 975 poetam
851 902 972 959 moritur
996 899 1032 979 (v.
1060 906 1096 978 85
1123 904 1206 959 attali
1226 904 1323 972 crz'nr),

128 1019 135 1048 f
185 1007 244 1081 apud
265 1007 512 1082 mythographum
538 1005 587 1084 (cs.
613 1008 689 1065 Ciris
718 1029 776 1065 120
802 1002 881 1087 sqq)
906 1027 999 1084 regno
1023 1010 1161 1085 privatur.
1178 1003 1201 1094 2)

264 1114 570 1172 Transformationem
601 1115 813 1189 Nyctimenae,
851 1135 928 1190 quae
962 1116 1060 1192 capite
1087 1137 1147 1189 ²04
1179 1129 1321 1186 narratur,

112 1240 118 1263 ³
180 1220 284 1279 Ovidius
317 1232 387 1280 met.
423 1224 461 1292 II,
489 1225 658 1298 569-595
683 1223 860 1298 perstringit.
917 1225 1128 1300 Mythographi
1162 1226 1228 1282 fons
1261 1225 1323 1282 eius

174 1327 262 1386 similis
285 1328 401 1387 videtur
426 1330 525 1398 fuisse,
552 1349 640 1404 quem
665 1330 800 1388 adhibuit
824 1350 991 1405 anonymus
1008 1333 1088 1406 apud
1104 1333 1321 1390 Westermann.

171 1437 302 1510 mythogr.
335 1455 364 1511 p.
400 1439 473 1510 348.
500 1452 532 1510 3:
567 1442 754 1520 Νυκτιμένη
785 1437 952 1518 Κλυμένου
983 1432 1133 1524 θυγάτηρ
1163 1432 1322 1520 φεύγουσα

166 1536 218 1605 siv
239 1544 294 1606 τοῦ
317 1540 444 1627 πατρὸς
467 1538 569 1628 ἔρωτα
595 1548 666 1606 κατ’
691 1541 781 1606 ἔλεον
804 1542 953 1620 Ἀθηνᾶς
970 1547 1015 1618 εἰς
1031 1543 1157 1623 γλαῦκα
1175 1568 1323 1629 μετεμορ-

164 1643 265 1730 φώθη.
313 1651 372 1708 Sed
397 1650 441 1720 iis,
467 1669 545 1725 quae
569 1652 607 1710 de
631 1661 759 1709 noctuae
782 1662 888 1709 natura
912 1651 1081 1709 adduntur:
1106 1672 1179 1726 preire
1203 1653 1325 1728 preclaris

161 1775 245 1815 sarisa
266 1760 296 1814 in
323 1758 408 1815 lacem
439 1778 494 1815 rina
518 1760 625 1833 prodii,
656 1760 706 1816 sed
733 1766 812 1816 erasto
837 1766 919 1834 parter
950 1765 1050 1834 (paret
1071 1759 1143 1816 luda
1168 1753 1323 1843 Bonutius)

160 1884 274 1924 versum
299 1865 480 1925 Ouidianum
508 1883 569 1940 594

264 1981 430 2048 conpactum.
452 1974 590 2047 lacemque
604 1974 687 2047 fierit
707 1975 875 2048 retrebrr'san
892 1975 1030 2050 prasiorum

264 2082 333 2138 calcat

159 2188 329 2246 adumbrari
353 2186 535 2246 Schmidtius
567 2198 645 2246 recte
678 2188 830 2246 intellexit.
879 2188 996 2246 Diserte
1030 2189 1161 2263 denique
1185 2189 1324 2264 Hyginus

159 2295 188 2352 in
211 2296 309 2371 capite
334 2299 374 2354 80
399 2295 462 2372 (82.
489 2295 530 2371 4),
557 2314 623 2353 cum
648 2296 769 2353 verbum
793 2297 895 2352 (diriter
917 2295 1051 2354 similiter
1075 2306 1164 2370 atque
1197 2296 1256 2353 fab.
1284 2312 1320 2371 55

157 2396 209 2483 (cs.
235 2423 263 2477 p.
289 2397 345 2485 36)
369 2403 462 2473 addit,
488 2421 520 2461 se
543 2413 647 2461 testem
671 2403 830 2461 locutionis
847 2404 993 2478 poeticae,
1017 2421 1105 2478 quam
1121 2404 1213 2473 affert,
1232 2402 1321 2479 respi-

158 2529 225 2569 cere
248 2510 368 2568 indicat.
416 2511 536 2568 Verba:
562 2511 673 2586 ideoque
706 2512 807 2567 dr'ritur
836 2511 946 2568 alterna
980 2519 1065 2568 morte
1097 2511 1260 2585 redemptus,
1284 2511 1323 2568 de

158 2618 282 2676 Castore
304 2619 394 2686 dicta,
420 2637 550 2692 quocum
574 2619 678 2676 Pollux
703 2619 789 2676 frater
813 2618 903 2676 vitam
928 2617 1171 2687 communicavit,
1197 2619 1323 2676 redeunt

159 2726 196 2782 ad
221 2727 294 2783 Aen.
319 2727 372 2796 Vl,
391 2745 467 2789 121:

263 2835 288 2889 si
299 2833 428 2907 fratrem
451 2833 556 2890 Pollux
579 2833 689 2890 ulamau
713 2841 798 2889 reterre
820 2834 941 2890 redenu't.

262 2941 467 2998 Antecedente
511 2941 630 2998 fabulae
671 2951 755 3014 parte
788 2950 937 2998 narratum
978 2949 1021 2997 est
1058 2939 1221 3002 Pollucem.
1256 2957 1324 2996 cum

160 3047 275 3106 stellam
298 3047 473 3122 accepisset,
498 3048 536 3105 ab
560 3049 630 3105 love
663 3048 847 3122 impetrasse,
872 3057 903 3104 ut
933 3048 1022 3106 frater
1052 3057 1183 3105 mortuus
1217 3066 1323 3105 munus

159 3173 258 3213 secum
281 3155 523 3214 communicaret.
573 3156 677 3229 ltaque
701 3154 808 3212 mirum
832 3165 885 3224 est,
904 3154 987 3229 quod
1005 3154 1152 3231 Hyginus
1171 3154 1194 3211 si
1211 3155 1325 3211 alterna

157 3273 251 3322 morte
274 3263 428 3321 Castorem
452 3263 637 3338 redemptum
662 3280 725 3320 esse
749 3263 908 3338 explanare
931 3263 1040 3331 voluit,
1060 3281 1120 3319 non
1145 3279 1324 3319 commemo·

157 3371 230 3430 ravit
253 3370 407 3428 Pollucem
431 3370 528 3445 ipsum
551 3370 581 3426 in
606 3370 701 3427 vicem
726 3371 765 3428 ad
789 3370 899 3428 inferos
918 3369 1112 3429 descendisse
1128 3379 1157 3427 et
1172 3370 1325 3426 concessisse

149 3479 248 3552 fratri
268 3477 414 3534 dissidium
438 3480 525 3535 ri‘trzm
550 3474 669 3554 (astron.
695 3479 725 3534 ΙΙ
752 3477 814 3561 22).
864 3480 972 3535 Totam
996 3477 1198 3536 narrationem
1227 3485 1324 3551 poste-

157 3655 356 3662 ......-—...--
361 3655 389 3660 ..-
396 3654 474 3660 ——.

269 3739 289 3809 ¹)
310 3743 336 3791 Si
356 3741 537 3804 Tschiassnyus
556 3741 621 3789 stud.
642 3741 711 3805 Hyg.
732 3757 758 3804 p.
784 3754 813 3789 12
834 3758 860 3790 n.
882 3756 915 3804 29
934 3748 1068 3804 praeeunte
1086 3741 1230 3789 Roenschio
1249 3739 1324 3807 (Itala

153 3849 183 3897 p,
204 3830 270 3897 388)
289 3840 354 3881 recte
373 3831 478 3879 formam
505 3839 764 3894 persequeretur
789 3831 889 3894 passiva
901 3829 1085 3894 significatione
1109 3838 1250 3893 usurpatam
1270 3846 1323 3878 esse

154 3921 224 3970 dicit.
266 3921 381 3970 Ceterum
400 3921 525 3987 Hyginus,
547 3936 601 3968 cum
621 3920 690 3968 cirim
710 3921 805 3983 piscem
824 3921 944 3986 appellat,
966 3935 1017 3968 non
1044 3920 1118 3968 aliam
1147 3920 1247 3968 fabulae
1272 3920 1320 3968 sor-

154 4029 223 4060 mam
244 4011 321 4069 affert,
345 4011 389 4059 sed
409 4018 480 4058 errat.

267 4096 286 4164 ²)
304 4101 389 4149 Tertia
407 4099 509 4148 fabulae
529 4099 609 4149 forma
628 4107 706 4149 exstat
725 4099 751 4147 in
771 4099 852 4162 capite
869 4111 919 4158 242
934 4098 1007 4165 (135.
1029 4097 1069 4166 6):
1092 4098 1193 4147 Nisus
1213 4099 1323 4147 Martis

152 4191 259 4240 filius
282 4191 377 4238 crine
396 4190 500 4238 fatali
520 4190 645 4238 amisso
664 4190 739 4251 ipse
765 4206 797 4236 se
826 4188 1021 4245 interfecit,
1044 4188 1123 4236 forma
1143 4187 1269 4236 Ovidiana
1286 4196 1324 4236 est

153 4282 180 4330 in
203 4296 224 4331 c.
247 4289 297 4342 255
324 4277 481 4345 (141.15):
513 4279 607 4342 Sylla
632 4279 706 4326 Nisi
736 4278 814 4326 filia
844 4285 971 4340 patrem
999 4277 1137 4325 occidit.
1177 4277 1323 4339 Comparari

151 4376 262 4435 possunt
280 4369 395 4418 diversae
416 4385 445 4418 ac
463 4369 600 4417 contrariae
629 4368 736 4426 fabulae,
761 4384 825 4432 quae
855 4367 886 4415 de
914 4367 1027 4416 Canaces
1046 4373 1124 4415 morte
1150 4366 1176 4415 iu
1199 4366 1322 4414 indicibus

152 4459 312 4526 proferuntur
331 4457 455 4527 (Schmidt
473 4458 551 4523 praes.
572 4474 598 4520 p.
619 4457 737 4525 XXXII).

1295 4746 1426 4856 Ι
