3016 5122
653 315 871 379 54-
961 340 962 343 κ

180 489 235 563 bus
265 495 397 574 partibus
431 494 598 576 composita
629 508 681 568 est,
716 517 840 574 quarum
876 516 935 557 una
968 495 1006 557 ad
1039 516 1084 558 res
1114 492 1341 573 mythologicas,

180 605 273 664 altera
297 609 335 665 ad
360 608 533 666 alcedinum
551 617 685 665 naturam
703 618 825 692 spectat.
873 609 918 664 Ac
934 607 1014 681 prior
1030 606 1152 680 quidem
1168 625 1234 681 pars
1251 605 1340 674 idem,

180 705 262 785 quod
286 715 420 784 Ovidius,
447 716 477 772 in
501 715 618 773 brevius
643 725 828 798 contractum
861 725 983 772 narrat:
1004 715 1236 788 mythographus
1268 733 1339 782 non,

178 831 209 878 ut
232 832 295 880 erat
327 823 356 880 in
379 832 494 881 -vetusto
527 823 638 896 myth0‚
653 819 676 900 ¹)
701 822 831 896 Ceycem
862 832 982 897 propter
1005 821 1176 896 superbiam
1205 821 1341 878 transfor·

178 939 290 986 matum
315 949 378 988 esse
413 931 494 1000 dicit,
520 931 573 988 sed
607 921 676 988 cum
700 930 810 989 Ouidio
842 941 946 1004 poetas
971 928 1190 986 Alexandrinos
1223 938 1340 985 secutus

140 1089 144 1097 .
177 1037 363 1112 naufragium
387 1037 464 1095 illius
481 1031 503 1121 2)
529 1048 556 1096 et
582 1056 714 1096 artiorem
738 1039 887 1111 Alcyones
912 1046 1135 1094 commemorat.
1184 1035 1243 1093 Sed
1267 1035 1340 1092 nihi·

177 1143 304 1202 lominus
328 1145 406 1202 hanc
429 1156 543 1220 partem
568 1165 585 1203 a
609 1156 697 1220 poeta
720 1145 872 1220 accepisse
895 1163 957 1202 non
973 1153 1080 1219 potest,
1103 1143 1173 1217 quia
1196 1143 1340 1200 nonnulla

176 1251 299 1309 nomina
324 1252 434 1310 Ovidio
458 1253 561 1328 ignota
585 1263 751 1321 occurrunt,
766 1251 944 1321 Philonidis,
964 1269 1041 1325 quae
1066 1249 1153 1307 etiam
1178 1249 1340 1307 aConoue

175 1367 283 1431 narrat.
311 1376 324 1432 7
352 1379 420 1416 cum
443 1361 581 1434 Hespero
606 1360 807 1429 consociatur,
827 1361 855 1417 et
871 1359 1020 1435 AegialeS,
1038 1357 1120 1414 cuius
1144 1375 1254 1414 nomen
1271 1375 1338 1413 cum

175 1466 294 1540 propria
325 1467 475 1540 Alcyones
510 1461 651 1551 1111111125)
688 1468 804 1525 videtur
841 1467 1009 1524 cohaerere.
1064 1465 1258 1523 Statuendum
1295 1473 1339 1522 est

175 1570 262 1645 igitur
286 1582 440 1648 utrumque
464 1574 525 1632 sire
548 1575 735 1650 hypothesin,
754 1593 813 1649 qua
830 1585 952 1648 uterque
969 1573 1113 1642 utebatur,
1135 1591 1170 1630 ex
1187 1572 1339 1630 communi

176 1688 296 1737 auctore
327 1682 468 1756 pendere,
503 1701 592 1756 quem
616 1682 799 1740 Nicandrum
833 1700 898 1739 esse
922 1673 1157 1757 Schneiderus4)
1190 1679 1336 1754 probavit.

175 1787 215 1843 At
238 1788 384 1861 posterior
407 1808 473 1864 pars
498 1790 561 1847 sine
596 1790 687 1847 dubio
718 1789 858 1847 Ovidium
892 1788 1020 1862 respicit,
1051 1788 1132 1862 quod
1157 1787 1335 1845 Schmidtius

175 1895 342 1973 perspexit3
367 1896 404 1953 cf.
428 1897 535 1954 verba:
561 1899 614 1954 lare
636 1915 701 1953 aues
724 1897 820 1953 m'dam
843 1915 896 1953 aaa
914 1896 1008 1971 pullos
1031 1897 1060 1951 r'a
1094 1897 1172 1951 arari
1198 1902 1334 1969 septem

175 2001 439 2077 diebusfacirrnt
459 2005 621 2062 hiberno
642 2011 812 2078 tempore
835 2012 863 2060 et
887 2002 976 2061 Ovid.
1002 2003 1054 2070 XI,
1072 2018 1130 2076 745

275 2120 383 2186 perque
406 2113 428 2167 d
436 2114 490 2168 ies
506 2112 632 2186 plucr'das
654 2112 813 2168 lribernu
835 2118 1001 2184 tempore
1023 2117 1174 2184 septem.

195 2249 198 2253 ·
285 2217 392 2275 Graeci
408 2211 432 2296 ⁵)
456 2229 556 2280 autem
579 2237 641 2276 non
665 2228 789 2292 septem,
815 2218 867 2275 secl
892 2216 1130 2291 quattuordecim
1164 2215 1227 2274 dies
1259 2217 1335 2290 alcy-

174 2323 259 2381 onios
283 2326 488 2396 numerabant,
514 2336 628 2401 septem
656 2334 723 2383 ante
755 2336 872 2400 partum
903 2334 932 2381 et
964 2333 1078 2399 septem
1109 2334 1177 2397 post
1208 2332 1333 2398 partum.

173 2431 233 2488 Sed
258 2432 396 2506 Hyginus
429 2443 457 2490 et
489 2434 662 2491 Lactantius
696 2433 834 2490 Placidus
869 2433 907 2490 ad
931 2431 1028 2489 Theb.
1053 2432 1105 2500 IX,
1121 2433 1179 2505 361
1208 2440 1237 2489 et
1260 2433 1333 2488 Lac·

172 2538 281 2595 tantius
305 2551 412 2598 narrat.
439 2541 528 2600 Ouid.
553 2543 607 2609 Xl,
626 2560 662 2596 10
688 2540 828 2597 Ovidium
855 2549 1024 2613 sequuntur,
1051 2538 1101 2613 qui
1133 2548 1248 2612 septem
1271 2548 1333 2622 tan·

171 2647 326 2704 tummodo
351 2647 414 2706 dies
439 2647 573 2722 placidos
597 2656 693 2704 vocat.
729 2647 832 2704 Verba
849 2646 1021 2721 Hyginiana
1044 2645 1113 2720 legit
1138 2645 1264 2717 Servius,
1282 2645 1334 2719 qui

171 2751 234 2809 dies
268 2755 422 2828 alcyonios
458 2755 611 2830 Hyginum
651 2764 767 2811 secutus
803 2753 941 2828 alcyonia
976 2754 1107 2828 appellat
1141 2749 1194 2826 (ad
1229 2771 1331 2827 georg.

169 2860 192 2928 I,
207 2878 287 2937 3993
312 2862 456 2937 mythogr.
483 2863 550 2919 Vat.
575 2864 588 2918 Ι
614 2858 652 2938 9).

276 2969 446 3027 Ertremum
471 2969 638 3044 exemplum
663 2968 875 3037 adnotationis
900 2985 977 3040 quae
1011 2985 1046 3023 ex
1071 2965 1181 3024 Ovidio
1214 2966 1333 3024 fabulae

169 3075 335 3133 secundum
361 3077 494 3135 Graecos
519 3086 671 3134 enarratae
696 3075 824 3144 additur,
843 3085 932 3148 caput
960 3093 1017 3146 123
1045 3083 1097 3142 est,
1115 3093 1175 3147 quo
1200 3074 1238 3131 de
1254 3075 1332 3130 Neo-

167 3183 299 3256 ptolemo
334 3183 437 3259 agitur.
481 3179 628 3240 ¹Fabulae
664 3182 761 3251 enim,
797 3201 874 3256 quae
907 3180 1081 3254 ceteroquin
1096 3176 1122 3262 l)
1152 3180 1332 3255 tragicorum

168 3299 341 3363 argumenta
364 3292 470 3360 reddit,
496 3290 599 3347 ultima
622 3290 712 3348 verba
734 3289 821 3363 (106.
852 3287 898 3369 1):
933 3290 1011 3344 errius
1043 3307 1134 3345 ossa
1160 3298 1234 3363 per
1255 3289 1333 3362 fines

167 3396 196 3453 A
207 3398 387 3454 mbruee'ue
418 3407 458 3473 sp
471 3417 566 3454 arsa
598 3405 672 3465 areret,
696 3416 768 3470 preire
797 3404 838 3453 est
864 3398 894 3452 r'u
917 3396 1007 3470 Epiri
1035 3397 1190 3470 regionibus
1213 3406 1333 3470 sumpta

168 3521 232 3561 esse
262 3522 298 3561 ex
329 3505 416 3563 Ovid.
450 3505 526 3562 Ibid.
557 3524 583 3561 v.
610 3524 682 3578 301.
717 3524 777 3578 302
811 3503 990 3560 Schmidtius
1016 3522 1088 3561 mus.
1116 3504 1237 3560 rhenan.
1262 3505 1330 3573 XX,

168 3629 197 3686 p.
223 3614 283 3681 461
311 3612 471 3676 intellexit:

275 3768 293 3838 ¹)
313 3771 435 3834 Apollod.
457 3772 506 3831 17.
522 3784 552 3830 4;
576 3770 654 3817 schol.
676 3769 706 3816 ll.
729 3774 751 3833 1,
769 3770 833 3833 5613
856 3769 946 3817 Preller
964 3786 1002 3832 gr.
1022 3769 1101 3830 myth.
1123 3769 1147 3816 ll
1166 3784 1191 3832 p.
1214 3781 1274 3828 249.

274 3856 293 3927 2y
315 3860 432 3908 Ceterum
452 3860 487 3923 id,
509 3860 576 3923 quod
596 3860 661 3907 solus
682 3858 786 3906 Ovidius
805 3859 837 3906 de
865 3874 967 3920 corpore
987 3858 1075 3920 Ceycis
1094 3858 1126 3905 ad
1155 3874 1224 3904 oram
1253 3857 1331 3905 allato

168 3956 257 4000 narrat.
280 3950 341 3997 mire
360 3966 414 3997 cum
432 3949 461 3997 iis
480 3949 608 4005 convenit,
631 3965 693 4011 quae
713 3948 745 3995 de
764 3955 842 3995 morte
862 3947 970 3994 Leandri
990 3956 1014 3996 et
1033 3949 1113 3996 llerus
1132 3948 1267 3995 traduntur.

275 4035 297 4104 ³)
316 4035 410 4088 cirrata
429 4036 503 4107 ὅρνις
522 4038 643 4100 Apollon.
663 4037 684 4101 Ι,
710 4037 789 4097 1087;
812 4036 902 4084 Preller
920 4037 937 4088 l.
956 4037 975 4085 l.

273 4124 295 4193 ⁴)
315 4129 347 4176 ad
366 4129 484 4176 Nicandri
512 4127 542 4175 fr.
564 4127 650 4185 64:
670 4127 744 4174 Proh.
766 4126 797 4174 ad
826 4142 912 4189 georg.
933 4127 954 4193 1,
971 4139 1033 4188 399:
1066 4125 1155 4174 Rohde
1175 4143 1212 4188 gr.
1242 4143 1329 4174 roman

166 4234 192 4280 p.
219 4227 280 4280 125;
304 4217 411 4265 Knaack
432 4217 509 4265 anall.
549 4216 658 4263 Μεκ-
679 4216 752 4263 Rom.
774 4231 800 4277 p.
823 4226 865 4277 54.

273 4304 295 4371 6)
315 4307 418 4355 Aristot.
439 4307 496 4354 hist.
518 4323 559 4354 an.
583 4315 606 4372 5,
623 4305 654 4371 83
675 4304 755 4352 schol.
778 4304 864 4367 Apoll.
886 4305 906 4371 1,
927 4305 1006 4362 10863
1038 4305 1117 4353 schol.
1138 4305 1245 4356 Tlreocr.
1266 4305 1328 4352 Am-

165 4397 232 4445 bros.
256 4407 279 4463 7,
298 4406 347 4458 573
371 4396 435 4444 Plin.
457 4403 509 4444 nat.
532 4396 590 4443 hist.
616 4409 654 4454 ιο,
676 4408 724 4456 90;
747 4394 838 4442 Preller
856 4395 875 4443 l.
896 4394 914 4442 l.
936 4411 961 4457 p.
984 4408 1034 4456 294
1054 4412 1079 4442 n.
1099 4407 1126 4454 4.

272 4482 293 4552 ⁰)
314 4486 401 4549 Lange
421 4486 451 4534 de
471 4502 534 4534 nexu
552 4501 578 4549 p.
601 4495 641 4548 51;
664 4484 754 4534 Preller
772 4500 810 4548 gr.
832 4484 910 4549 myth.
930 4485 955 4532 ll
973 4500 999 4547 p.
1020 4484 1071 4545 467
1091 4501 1117 4538 n.
1137 4494 1215 4548 2-5.
