2896 5130
536 270 757 333 -ss-

45 440 88 501 rho
107 444 180 505 loco
207 448 289 525 (111,
310 450 401 529 3¹4)
424 450 496 527 egit.
520 482 564 495 —--
588 452 656 511 Nou
681 452 787 529 ignoro
811 468 901 531 eaput
930 458 986 513 182
1013 456 1152 533 gravibus
1168 478 1230 516 eor·

47 554 148 629 repetis
171 557 348 620 laborare.
366 554 391 638 ¹)
440 560 518 618 Nam
543 572 572 619 et
597 560 673 617 lovis
696 562 854 619 nutricium
879 565 991 621 mentio
1016 566 1116 640 inepte
1131 567 1230 639 agglu-

48 658 120 719 tinata
142 674 192 723 est
218 675 253 723 et
281 666 446 725 nonnulla
468 668 665 744 nympharum
689 669 813 727 uomina
837 670 1055 730 dubitationem
1091 673 1229 742 excitant,

50 768 137 827 Frams
160 782 193 829 et
219 774 457 849 Polyhymnus,
484 792 562 849 quae
586 775 681 849 magis
709 776 748 835 ad
773 778 875 835 Musas
912 790 1047 853 speeture
1084 780 1228 838 ridentur.

54 876 98 935 Sed
118 896 171 937 cur
196 892 327 951 cetera,
356 900 437 957 quae
461 881 607 942 artissime
630 902 698 941 eum
722 884 820 959 eapite
849 904 908 959 ¹79
947 886 1108 945 cohaerent
1144 886 1231 961 eique

57 996 106 1045 unt
127 988 219 1062 quasi
245 990 485 1065 supplemento
511 990 540 1046 in
564 990 764 1065 suspicionem
780 1010 930 1059 vocemus,
948 1012 1008 1049 non
1025 1005 1068 1051 est
1085 994 1114 1050 in
1131 1012 1229 1051 rausa.

142 1096 204 1167 Ea,
232 1116 324 1172 quae
352 1097 453 1173 capite
478 1116 515 1171 31
538 1096 601 1177 (65.
625 1096 678 1179 η)
702 1098 740 1156 de
765 1099 891 1156 Acheloi
916 1111 943 1156 et
968 1101 1106 1157 Herculis
1142 1112 1232 1159 uerta-

62 1200 120 1261 nine
139 1215 329 1273 narrantur,
356 1222 393 1262 ex
417 1204 524 1263 eodem
549 1205 631 1263 some
655 1216 745 1279 atque
771 1206 897 1263 Diodori
924 1208 962 1263 lV
983 1225 1071 1282 554
1096 1220 1123 1265 er
1142 1209 1232 1283 hpol-

62 1308 139 1369 hdori
162 1312 251 1385 117.
275 1326 293 1387 5
321 1311 432 1369 hausta
454 1330 519 1371 esse
537 1312 657 1370 Berhius
681 1324 794 1387 (praest.
815 1312 904 1371 oiou.
930 1333 959 1388 p.
987 1333 1024 1387 73
1044 1314 1125 1372 vidit.
1174 1315 1232 1372 hd·

62 1416 153 1477 hnnu
177 1418 223 1477 de
249 1434 354 1477 cornu
377 1419 504 1477 Acheloi
527 1419 635 1477 haece:
660 1422 707 1476 cui
729 1421 862 1477 Hercules
884 1439 967 1477 ouuu
1002 1422 1134 1479 mutuari.
1160 1422 1237 1497 quod

60 1540 130 1583 urnu
151 1526 372 1602 Hesperidibus
393 1528 451 1583 sive
473 1528 599 1601 uymplu's
622 1527 746 1591 amoueri,
770 1527 847 1601 quod
865 1546 913 1584 cue
926 1522 949 1607 ²)
970 1530 1061 1601 poturi
1094 1530 1236 1605 riporum!

50 1640 80 1689 ¹u
104 1650 193 1691 comm
232 1634 333 1708 copiae
361 1632 549 1708 appellamur.
599 1633 717 1707 Quibus
748 1632 844 1691 serbis
868 1634 998 1709 suppleri
1026 1646 1150 1710 possunt
1172 1655 1233 1693 ser·

59 1758 98 1799 tus
122 1739 283 1799 Ouidiani
306 1750 377 1799 met.
402 1742 456 1810 lx,
475 1744 603 1813 87-89

155 1848 267 1905 nairles
290 1849 349 1917 lroc,
367 1849 461 1924 ponas
483 1856 510 1905 ct
529 1848 613 1905 arduo
628 1849 704 1923 flore
736 1849 876 1923 rotletum,

154 1962 331 2025 sacrarunt,
355 1956 482 2031 divesque
504 1975 562 2012 mm
586 1956 670 2012 Banu
701 1957 787 2029 Copia
811 1974 895 2013 cornu
919 1964 964 2014 est.

157 2065 287 2121 dixerat
305 2070 333 2120 et
354 2064 471 2138 reyupltc
493 2075 548 2122 etc.

159 2170 306 2229 Fabulae
340 2171 478 2241 sonuum,
514 2189 592 2245 quae
627 2170 753 2227 Acheloi
788 2181 877 2245 atque
913 2172 1098 2241 mnalrheae,
1135 2172 1233 2229 idest

62 2278 158 2337 Bonae
199 2277 330 2353 Copiae,
367 2296 461 2336 cornu
496 2278 574 2336 idem
612 2296 677 2336 esse
713 2289 820 2348 narrat,
847 2278 972 2337 Graecis
1007 2290 1108 2336 notam
1144 2279 1233 2336 suisse

62 2386 163 2445 Strabo
190 2386 223 2443 X
243 2378 350 2464 458³)
374 2396 497 2444 testatur
520 2404 648 2460 eamque
671 2386 710 2442 ab
735 2385 857 2459 Hygino
882 2386 952 2444 inde
987 2395 1135 2460 sumptam
1168 2406 1233 2443 esse

63 2494 102 2553 rel
123 2514 164 2553 ex
192 2512 232 2552 eo
258 2492 447 2569 intellegitur,
472 2494 554 2567 quod
580 2492 705 2551 Ovidius
730 2493 932 2568 Hesperidum
964 2492 1147 2551 mentionem
1171 2512 1232 2550 non

63 2600 135 2660 facit.
190 2600 273 2658 Illud
298 2609 396 2658 autern
421 2618 512 2658 unum
536 2600 612 2658 inter
642 2611 798 2674 utrumque
822 2600 927 2658 mirum
953 2600 982 2657 in
1008 2599 1130 2657 modum
1165 2619 1233 2657 con-

63 2708 156 2769 venit:
186 2717 218 2766 et
243 2717 365 2783 poetam
389 2718 418 2766 et
441 2708 692 2783 mythographum
705 2701 733 2787 ⁴)
753 2726 845 2764 cornu
870 2726 888 2764 a
911 2707 1050 2782 nymphis
1079 2725 1233 2765 conseera-

63 2826 118 2877 tum
142 2834 217 2875 esse
243 2833 487 2875 commemorare.
535 2817 572 2872 Et
596 2814 739 2889 quoniam
764 2813 827 2871 sine
863 2813 956 2872 dubio
992 2815 1084 2872 verba
1109 2814 1233 2890 Hygini-

64 2944 115 2984 ιω
137 2922 226 3001 quod
244 2940 292 2979 cue
307 2925 435 2998 paneis
456 2924 672 2997 replerunt
692 2920 793 2981 Ovidii
817 2920 891 2980 illud

162 3031 285 3107 pomis
307 3037 335 3087 et
354 3030 437 3087 odoro
451 3031 528 3105 flore
550 3030 735 3104 repletum

169 3136 345 3212 respiciunt,
370 3137 511 3197 Ovidium
537 3136 622 3194 huius
647 3134 842 3194 additamenti
866 3146 1018 3194 auctorem
1042 3154 1107 3193 esse
1130 3145 1233 3192 nostro

63 3246 121 3306 iure
147 3243 351 3304 censebimus.
399 3245 448 3303 Ad
482 3262 583 3302 versus
614 3254 767 3319 praeterea
799 3253 906 3318 poetae
932 3246 969 3316 87
997 3254 1026 3301 et
1051 3246 1090 3317 89
1125 3241 1233 3302 diserte

64 3361 205 3430 spectant
228 3352 338 3411 verba:
363 3353 420 3409 siue
442 3352 579 3428 ›zyrrrpltis

173 3459 288 3518 Similis
322 3459 398 3517 ratio
433 3459 510 3516 inter
540 3458 672 3516 fabulam
708 3460 758 3532 65,
784 3476 860 3532 quae
893 3468 936 3515 est
968 3458 1007 3516 de
1031 3457 1176 3535 Alcyone,
1205 3466 1234 3514 et

66 3568 169 3629 Ovidii
195 3577 263 3626 met.
288 3568 342 3636 XI,
357 3568 531 3640 410-748
557 3564 722 3624 intercedit.
772 3565 909 3623 Narratio
927 3563 1100 3639 Hyginiana
1123 3582 1139 3621 e
1163 3563 1233 3622 dua·

66 3728 386 3739 ——-—-..-..--.

176 3795 199 3861 ¹)
217 3797 331 3846 Schmidt
349 3798 428 3860 praes.
449 3813 475 3860 p.
497 3796 573 3853 VIII;
596 3796 692 3844 Robert
711 3794 839 3843 Eratosth.
860 3803 908 3843 cat.
928 3810 955 3857 p.
977 3801 1037 3856 235.

176 3883 199 3953 ²)
218 3888 299 3935 deae
319 3887 376 3934 cod.
397 3886 430 3944 F;
453 3901 512 3934 eae
531 3901 593 3934 corr.
615 3883 774 3932 Munckerus.

177 3975 200 4044 ³)
218 3977 251 4025 cs.
273 3975 351 4024 Bethe
369 3975 387 4023 l.
408 3975 427 4023 l.
448 3975 647 4024 Preller-Robert
665 3990 702 4037 gr.
725 3972 802 4035 myth.
821 3988 846 4035 p.
869 3981 900 4036 35
922 3989 947 4021 n.
968 3984 994 4032 4.

178 4063 198 4133 ⁴)
218 4065 331 4129 Sequitur
349 4081 392 4113 eos
405 4064 549 4114 Lactantius
567 4064 646 4113 schol.
668 4063 701 4111 ad
714 4062 798 4111 Theb.
819 4061 943 4129 lv,106:
965 4062 1051 4110 illud
1069 4061 1234 4125 nymphae

69 4159 229 4209 omnibus
254 4155 353 4204 bonis
379 4155 598 4218 repleverunt
623 4153 806 4216 datumque
837 4159 886 4200 est
914 4150 1051 4219 Copiae,
1077 4167 1157 4214 quae
1183 4159 1234 4199 est

70 4248 236 4298 ministra
263 4247 440 4294 Fortunae.
479 4243 571 4292 Unde
600 4243 634 4291 in
662 4241 777 4291 Boetio
796 4240 948 4306 (hloratio
976 4256 1038 4289 corr.
1068 4240 1230 4288 Muncherus:

69 4356 147 4389 carm.
170 4351 236 4385 saec.
257 4335 308 4392 603
338 4333 372 4383 cs.
392 4351 451 4398 epp.
472 4334 598 4400 112,29,
619 4348 696 4381 carm.
716 4332 784 4392 117.
805 4330 848 4388 16;
880 4329 958 4378 Ovid.
978 4328 1036 4378 fast.
1056 4330 1087 4389 V,
1109 4342 1172 4390 124;
1191 4331 1234 4380 Pe·

69 4439 134 4479 tron.
158 4439 200 4489 29.
218 4425 261 4495 6):
285 4423 397 4488 Copia
415 4423 516 4489 pleno
535 4437 654 4483 cornu;
676 4421 708 4475 cf.
726 4421 839 4472 Lactant.
858 4435 924 4471 narr.
945 4418 1021 4469 ovid.
1041 4420 1086 4479 IX,
1104 4432 1126 4469 1.
