2896 5130
503 319 720 381 -so—

28 499 104 562 inter
119 512 234 578 partem
251 501 444 579 posteriorem
462 511 490 559 et
506 501 635 576 priorem
652 519 713 557 non
730 518 804 558 esse.
830 500 936 574 Neque
953 500 1077 558 omnino
1095 499 1196 576 negle-

29 611 160 685 gendum
180 621 223 669 est
240 611 271 668 id
288 609 417 668 studium
433 620 587 684 utramque
604 609 723 666 fabulae
739 608 864 665 somnam
881 607 1093 682 coniungendi,
1111 609 1196 682 quod

27 717 57 774 in
74 718 132 775 hoc
148 718 245 793 capite
262 717 461 793 suspicionem
488 715 540 772 viri
558 715 742 789 sagacissimi
759 714 906 796 excitavit,
925 715 1015 772 etiam
1032 715 1062 772 in
1079 716 1193 785 fabula,

27 843 104 898 quae
128 824 166 882 de
190 827 332 883 Atalanta
357 833 410 892 est,
435 833 464 881 et
497 823 526 879 in
557 822 622 879 aliis
647 822 799 897 exemplis
825 822 863 879 de
887 821 993 896 quibus
1026 822 1102 879 infra
1136 822 1194 879 dis·

26 931 204 1006 putabimus,
223 930 357 990 inveniri.
392 930 507 988 Eodem
532 939 630 987 autem
655 930 746 987 modo
763 929 888 1003 scriptor
911 929 979 1003 egit,
998 948 1058 1004 quo
1075 929 1195 987 Servius

26 1038 65 1096 ad
89 1041 164 1096 Aen.
191 1040 229 1107 ll,
259 1059 316 1096 201
345 1034 392 1114 (cf.
421 1037 535 1094 Robert
560 1037 577 1093 l.
603 1037 621 1092 l.
648 1055 676 1110 p.
705 1053 762 1108 207
791 1036 845 1114 s.);
870 1037 906 1093 cf.
933 1036 1076 1111 imprimis
1100 1037 1195 1094 verba

25 1145 157 1220 Hygini:
183 1146 259 1220 qaod
276 1146 401 1218 Phryges
424 1145 521 1201 idcirco
535 1144 648 1217 fuctum
665 1150 816 1217 parturiunt,
841 1144 918 1217 quod
930 1144 1056 1201 [οοίοοο
1079 1145 1194 1201 hastam

26 1252 55 1310 ia
82 1271 182 1327 equium
204 1253 358 1309 Troianam
383 1253 491 1308 rrrr'seril
511 1261 538 1309 et
555 1249 664 1308 Servii:
690 1252 808 1307 latmia
831 1251 940 1324 quidem
963 1252 1014 1307 laec
1033 1251 1122 1319 laudet,
1148 1252 1200 1307 scd

18 1366 103 1433 poeta
126 1361 327 1434 titlerpretulm·
356 1359 398 1415 ud
422 1359 609 1415 Troianorum
641 1359 852 1425 excusationem,
875 1360 927 1432 qui
954 1360 1004 1414 Ιιοο
1033 1360 1196 1430 agarorarrtrs

25 1465 126 1540 decori
146 1473 218 1524 suut.
266 1465 391 1523 Roberti
414 1484 483 1523 vero
509 1464 656 1523 sententia
680 1483 715 1522 eo
740 1482 859 1539 prorsus
883 1464 1034 1538 frangitur,
1054 1466 1137 1539 quod
1162 1465 1193 1524 in

26 1573 118 1630 altero
152 1591 274 1648 quoque
310 1573 417 1647 capite,
450 1572 531 1646 quod
563 1572 601 1630 ad
636 1572 745 1629 Troiae
779 1571 1030 1646 expugnationem
1066 1582 1193 1646 spectat,

25 1679 150 1755 vestigia
174 1680 326 1738 Aeneidos
351 1679 417 1736 libri
442 1681 471 1735 II
495 1689 571 1749 sunt,
596 1696 701 1754 eaque,
727 1697 806 1753 quae
830 1697 892 1736 non
916 1689 976 1736 tam
1011 1680 1099 1736 facile
1124 1699 1192 1754 pos-

25 1785 83 1843 sint
107 1787 266 1863 segregari.

131 1913 225 1971 Haud
249 1913 290 1970 ita
314 1913 437 1969 multum
462 1912 559 1969 tribuo
589 1911 696 1981 verbis,
722 1930 800 1986 quae
832 1911 861 1968 in
893 1911 972 1969 exitu
995 1911 1102 1986 capitis
1133 1914 1190 1969 128

26 2028 103 2088 sunt,
138 2017 192 2075 alii
217 2020 370 2076 Cumaeam
403 2016 456 2094 (se.
482 2012 638 2102 Sibyllam)
673 2019 815 2088 rimarunt,
849 2037 926 2092 quae
957 2019 996 2076 ad
1023 2018 1190 2092 Vergilium

24 2125 120 2184 redire
143 2126 288 2198 videntur,
306 2127 376 2184 licet
400 2127 458 2183 iam
477 2125 618 2183 Timaeus
641 2144 769 2200 eumque
793 2136 910 2184 secutus
927 2125 1086 2200 Lycophro
1109 2127 1190 2197 1276

24 2251 90 2307 sqq.
124 2251 189 2290 earn
222 2233 530 2291 commemoraverint.
547 2227 571 2311 1)
618 2234 704 2306 Quae
737 2233 859 2307 quidem
884 2232 1066 2291 Schmidtius
1097 2233 1190 2307 praef.

23 2359 52 2414 p.
78 2341 164 2397 XXX
189 2339 245 2398 sibi
269 2351 411 2398 constans
435 2340 602 2398 adulterina
626 2358 689 2399 esse
713 2351 805 2415 putat.
853 2343 893 2397 At
916 2351 1006 2415 caput
1034 2342 1105 2408 108,
1132 2358 1192 2414 quo
1221 2414 1224 2421 Ι

23 2445 117 2521 agitur
141 2447 178 2504 de
214 2466 291 2522 equo
316 2447 458 2518 Troian0‚
493 2458 675 2505 momentum
707 2448 736 2505 in
772 2448 947 2522 quaestione
977 2448 1057 2506 facit.
1107 2449 1190 2504 Fons

21 2553 196 2611 narrationis
213 2555 262 2612 bic
276 2573 396 2629 quoque
421 2566 498 2613 certe
519 2555 652 2612 Graecus
676 2565 729 2612 est.
778 2554 916 2631 Hyginus
938 2557 1054 2630 Epeum
1071 2555 1190 2612 monitu

23 2658 176 2719 Minervae
201 2679 309 2735 equum
334 2661 464 2735 ligneum
497 2661 602 2720 iecisse
626 2662 714 2719 tradit
740 2662 919 2737 hypothesin
942 2662 1043 2719 Iliadis
1077 2681 1191 2736 parvae

21 2776 147 2837 secutus,
172 2767 290 2843 qualem
314 2769 434 2826 Proclus
459 2769 563 2827 chrest.
589 2763 632 2849 (p.
656 2786 693 2843 37
722 2769 833 2826 Kinkel
856 2770 910 2843 frg.
935 2788 1018 2845 poeS.
1044 2765 1106 2852 ep.)
1133 2788 1190 2827 ser·

19 2873 115 2937 vavit:
149 2869 275 2949 Ἐπειὸς
308 2878 378 2937 κατ’
415 2873 560 2959 Ἀθηνᾶς
591 2885 779 2961 προαίρεσιν
811 2871 869 2937 τόν
903 2873 1049 2956 δούρειον
1083 2877 1192 2940 ἵππον

21 2974 265 3055 κατασκευάζει.
314 2982 405 3040 Cuius
435 2983 477 3040 rei
513 2983 656 3040 memoria
688 2977 904 3066 aVergilioly
936 2984 1095 3041 obscurata
1134 2994 1188 3042 est.

20 3087 89 3145 Alia
123 3107 254 3163 quoque,
280 3107 355 3164 quae
387 3088 566 3165 discrepant,
599 3099 659 3148 tam
696 3090 851 3149 manifesta
881 3103 957 3160 sunt,
982 3091 1030 3148 vix
1063 3101 1095 3148 ut
1120 3110 1185 3150 enu·

20 3209 134 3253 merare
151 3204 298 3269 oporteat.
335 3196 519 3254 Laocoontis
542 3216 598 3269 reS,
617 3216 690 3272 quas
707 3197 856 3272 Vergilius
880 3217 947 3255 cum
965 3198 1189 3274 expugnatione

20 3300 128 3359 Troiae
153 3302 298 3360 artissime
322 3303 485 3378 coniungit,
511 3303 549 3360 ab
574 3304 696 3380 Hygino
710 3297 734 3382 ³)
758 3306 917 3380 separatim
942 3299 977 3386 (c.
1009 3303 1080 3382 135)
1105 3325 1190 3364 enar·

18 3417 125 3466 rantur.
175 3409 268 3482 Quod
300 3429 369 3467 vero
401 3410 439 3468 de
463 3411 633 3469 Cassandra
664 3411 845 3470 vociferante
877 3423 999 3486 uterque
1021 3406 1114 3493 (Aen.
1148 3416 1188 3482 II,

21 3601 337 3611 —-—--———

18 3730 84 3774 wltre
104 3741 169 3774 zwar
187 3725 305 3791 miigliclr¹
329 3727 386 3776 dass
406 3727 468 3776 auch
488 3727 512 3776 in
541 3728 623 3777 dieser
651 3729 748 3777 version
777 3729 821 3778 der
851 3739 918 3778 vater
947 3730 1060 3797 umkam,
1091 3733 1127 3780 sei
1148 3749 1186 3800 es¹

19 3814 76 3863 dass
95 3831 130 3880 er,
152 3815 199 3864 wie
217 3817 257 3865 bei
277 3817 372 3884 Vergil,
394 3817 443 3865 den
461 3817 563 3866 lrnaben
593 3817 654 3866 hille
682 3819 788 3882 bringeri
816 3819 901 3867 wollte
921 3823 972 3867 und
1001 3821 1076 3869 dabei
1106 3823 1186 3871 selbst

19 3919 68 3952 von
89 3903 140 3953 den
161 3905 298 3970 schlangen
317 3906 446 3955 umstrickt
465 3907 548 3955 wurde
567 3915 615 3960 otc.

125 4008 144 4075 ¹)
165 4013 249 4061 Maass
277 4013 308 4061 de
328 4014 478 4076 Sibyllarum
507 4014 578 4063 indd.
609 4031 634 4078 p.
657 4015 690 4077 36
709 4032 740 4076 s.,
764 4017 958 4065 Preller-Robert
986 4034 1023 4081 gr.
1054 4020 1135 4082 mytb.
1157 4038 1184 4086 p.

17 4096 67 4147 282
87 4115 113 4148 n.
139 4113 161 4149 1.

122 4203 144 4273 2)
163 4208 230 4257 Aen.
251 4209 283 4267 ΙΙ,
305 4220 332 4273 15

119 4311 235 4362 equum
254 4298 375 4348 divina
393 4299 552 4350 Palladis
571 4309 641 4351 arte

119 4386 321 4438 aedificant.

121 4470 144 4548 ⁸)
163 4475 258 4528 Robert
275 4477 329 4529 bild
347 4494 372 4530 u.
394 4478 445 4528 lied
463 4495 490 4544 p.
515 4481 571 4544 196,
594 4496 620 4547 p.
643 4494 693 4548 203
712 4498 733 4534 s.
