2896 5130
627 282 846 336 ,24-

155 459 281 536 plurima
306 459 334 516 in
359 460 600 534 genealogiarum
625 461 750 518 formam
768 461 892 537 redegit,
910 463 1054 521 nonnulla
1078 462 1172 521 libero
1195 461 1303 521 arbitrio

156 567 267 624 addere
291 587 351 624 non
375 568 498 626 licuerit.
547 570 586 624 m
602 579 786 643 argumenta,
804 587 880 643 quae
904 571 948 627 vir
964 571 1171 646 sagacissimus
1187 572 1301 645 protulit,

156 686 186 732 ut
209 674 386 733 sententiam
410 694 493 732 sunm
518 677 737 750 comprobaret,
763 679 896 752 profecto
928 680 1008 736 haud
1040 689 1108 736 sunt
1141 679 1300 754 spernenda.

156 783 233 840 Nam
257 800 323 838 cum
350 782 486 856 Hyginus
510 782 539 839 in
570 783 754 841 astronomia
784 785 877 842 sede
908 784 1000 842 tribus
1029 785 1138 858 mythis
1170 785 1224 842 alio
1243 787 1302 842 loco

156 891 301 950 dicturum
326 912 390 952 esse
414 895 574 969 promittat.
601 895 652 969 qui
676 896 734 953 loci
759 896 881 953 omnino
915 897 953 954 ad
977 896 1189 954 astronomiam
1218 896 1301 953 referri

156 1018 216 1056 non
233 1011 367 1074 possunt,
386 1002 535 1059 Robertus
552 1003 704 1060 concludit
717 1003 883 1061 fabulanxm
908 1004 1014 1061 librum
1032 1003 1141 1078 respici
1158 1003 1195 1060 ab
1212 1002 1300 1060 eodem

158 1107 279 1182 Hygino
304 1120 370 1182 post
398 1109 590 1185 genealogias
623 1119 652 1168 et
676 1110 889 1168 astronomiam
922 1111 1134 1186 conscriptum,
1166 1110 1217 1167 sed
1245 1119 1299 1166 ante

157 1215 292 1274 Dosithei
317 1227 444 1274 aetatem
468 1235 535 1274 curn
567 1217 659 1275 altero
689 1218 766 1275 libro
791 1220 1037 1295 conglutinatum.
1084 1220 1124 1275 At
1157 1217 1240 1274 miror
1262 1235 1297 1283 ea,

157 1341 234 1396 quae
259 1322 288 1379 in
313 1323 494 1408 astronomia
513 1325 681 1394 laudantur,
699 1326 729 1382 in
753 1336 855 1383 nostro
872 1327 1037 1384 fabularum
1061 1325 1140 1382 libro
1157 1344 1216 1382 uon
1237 1324 1296 1380 inve-

156 1429 221 1486 niri.
270 1429 353 1503 Quid
371 1431 468 1489 Diana
485 1443 553 1506 post
570 1431 691 1490 Orionis
709 1444 832 1491 mortem
850 1434 951 1491 fecerit
968 1431 1047 1509 (astr.
1066 1435 1096 1490 ll
1122 1433 1184 1508 34),
1201 1431 1297 1488 fabulae

157 1556 302 1611 nusquam
321 1537 474 1597 indicant:
500 1558 598 1614 neque
615 1540 653 1597 de
671 1540 813 1615 Gorgone
830 1539 914 1615 (ibid.
941 1542 969 1596 ll
991 1539 1043 1621 12)
1056 1557 1154 1614 neque
1167 1539 1204 1596 de
1220 1536 1295 1595 Phrixi

157 1645 234 1718 pelle
259 1663 347 1702 aurea
370 1643 409 1721 (ll
436 1643 486 1722 20)
511 1647 671 1721 quicquam
697 1647 727 1703 in
750 1648 857 1705 fabulis
882 1647 1066 1722 proponitur,
1093 1646 1176 1720 qnod
1204 1664 1256 1702 non
1274 1644 1295 1701 in

156 1752 338 1809 astronomia
361 1762 510 1810 narratum
535 1752 580 1811 sit.
629 1754 707 1811 Num
731 1773 819 1829 porro
835 1754 1006 1830 putabimus
1030 1753 1203 1828 scriptorem
1225 1751 1295 1809 sede

157 1860 262 1917 Graeis
288 1862 463 1936 Gorgonum
488 1860 660 1918 custodibus
685 1861 763 1937 (astr.
789 1864 817 1918 ll
847 1861 896 1936 12)
926 1862 956 1918 in
983 1859 1177 1934 Genealogiis
1200 1858 1294 1926 dixisse,

157 1967 195 2025 de
212 1968 355 2042 Gorgone
380 1967 409 2024 in
434 1968 540 2025 fabulis
565 1967 711 2025 dicturum
736 1988 800 2026 esse
823 1968 1010 2043 significare?
1056 1968 1103 2026 Ne
1126 1967 1229 2040 longus
1247 1965 1294 2031 sim,

156 2074 214 2130 loci
239 2075 281 2131 illi
298 2075 466 2132 difficillimi
490 2074 644 2149 quomodo
661 2074 718 2131 sint
742 2075 921 2150 explicandi,
939 2075 1102 2133 diiudicare
1127 2093 1187 2132 non
1210 2072 1294 2139 auden,

157 2182 329 2256 praesertim
353 2201 421 2239 cum
445 2182 474 2238 in
502 2180 684 2239 astronomia
708 2200 769 2238 non
800 2183 923 2239 multum
947 2193 1076 2239 versatus
1110 2181 1180 2239 sim:
1204 2199 1249 2237 eos
1268 2176 1295 2234 ad

157 2300 271 2364 partem
288 2289 365 2359 libri,
384 2308 472 2362 quem
490 2309 544 2346 nos
560 2289 714 2357 habemus,
733 2299 867 2363 spectare
883 2289 944 2346 veri
961 2288 1189 2346 dissimillimum
1205 2287 1296 2345 uidetur

157 2415 230 2453 esse.
278 2397 342 2453 Nec
366 2396 457 2454 credo
481 2409 549 2454 ante
565 2395 702 2454 Dosithei
727 2406 853 2454 aetatem
873 2395 980 2453 librum
1005 2405 1159 2470 tantopere
1176 2403 1293 2452 mutatum

157 2521 230 2561 esse.
280 2503 443 2576 Quomodo
467 2504 596 2578 denique
613 2505 723 2560 factum
748 2522 812 2561 esse
836 2502 1029 2572 existimabis,
1047 2513 1079 2559 ut
1102 2502 1169 2558 libri
1190 2500 1294 2576 primum

160 2609 427 2684 Genealogiae
464 2620 492 2667 et
534 2610 736 2678 Fabulae,
765 2608 875 2667 deinde
906 2608 1043 2666 Dosithei
1078 2619 1173 2666 aetate
1206 2607 1288 2664 Grae

156 2738 175 2774 a
186 2719 316 2790 lagia,
333 2726 394 2775 tum
411 2717 536 2792 posteris
560 2716 742 2791 temporibus
759 2716 863 2773 iterum
887 2716 1064 2773 Fabulae
1080 2706 1294 2790 appellarentur?
