2896 5130
590 318 809 385 *²9-

149 507 248 563 Graecos
262 500 283 582 ¹)
307 516 533 575 commemorat,
560 507 687 564 Ovidius
712 506 829 565 omittit.
877 506 954 564 Mire
982 507 1142 582 praecipue
1166 507 1282 566 initium

147 614 247 671 fabulae:
270 614 299 669 T
294 615 362 670 laetis
385 614 486 669 ,Neruis
508 631 567 670 carra
592 616 672 671 sciret
693 614 826 670 Arlu'llrra
842 614 939 688 filiam
963 634 1044 670 stram
1069 664 1074 674 .
1103 661 1108 672 .
1137 662 1142 672 .
1165 660 1172 683 ,
1196 617 1286 672 siud

149 721 233 776 Troiam
255 721 472 795 expargmrarluur
496 723 567 786 asset,
586 723 746 796 ytrrr'lm‘aat
771 732 827 781 etc.
853 720 986 778 concinit
1009 740 1075 778 cum
1100 741 1186 779 versu
1211 723 1281 780 Ovi-

144 827 207 884 diano
232 830 287 884 162

214 955 341 1026 praescia
364 956 476 1010 actitari
493 956 621 1024 ,retrahas
644 953 753 1011 Nereia
777 953 830 1010 leti.

142 1078 245 1136 Fabulae
280 1089 379 1136 autem
413 1089 524 1135 certam
561 1078 711 1152 quandam
749 1077 880 1152 speciem
906 1087 934 1134 et
970 1079 1093 1135 soranam
1130 1089 1280 1136 externam

139 1186 166 1241 ab
188 1187 380 1260 hypotheseos
413 1197 533 1244 auctore
558 1186 729 1259 impressam
764 1203 830 1242 esse
854 1185 944 1242 docet
982 1185 1077 1242 simile
1102 1187 1281 1260 Apollodori

138 1296 225 1364 3.18.
257 1296 274 1350 8
315 1293 449 1350 initium:
493 1293 586 1367 Θέτις
625 1291 805 1377 προειδυῖα.
848 1287 896 1354 ὅτι
938 1291 988 1354 dar*
1024 1290 1282 1375 στρατευόμενον

137 1392 218 1462 αὐτόν
240 1398 430 1462 ἀπολέσθαι
454 1399 519 1462 κτλ.

219 1525 331 1583 Eadem
356 1525 472 1582 ratione
497 1543 669 1592 consensus,
696 1524 747 1598 qui
771 1524 846 1582 inter
870 1524 983 1599 Hygini
1008 1525 1139 1581 fabulam
1167 1529 1195 1594 6,
1221 1544 1281 1600 qua

137 1631 164 1687 de
177 1632 272 1689 Cadmi
296 1631 542 1689 tranformatione
567 1632 672 1706 agitur,
698 1642 726 1688 et
743 1631 845 1690 (lvidii
862 1641 929 1688 met.
956 1633 1009 1699 lV,
1029 1635 1199 1706 563—603
1227 1643 1279 1702 est,

137 1739 273 1812 explicetur
297 1749 423 1814 oportet.
472 1741 509 1796 Et
541 1756 720 1813 quaruqtram
745 1748 848 1796 neuter
872 1757 917 1795 res
942 1757 960 1795 a
984 1738 1101 1795 Cadmo
1128 1739 1157 1795 in
1182 1739 1282 1814 lllyria

136 1856 210 1917 gestas
224 1840 244 1925 2)
269 1857 494 1915 commemorat,
512 1865 563 1903 eas
589 1857 687 1903 tamen
706 1845 827 1920 Hygino
851 1844 969 1921 ignotas
993 1865 1054 1902 non
1071 1845 1161 1903 suisse
1185 1856 1280 1919 osten·

138 1952 190 2009 dunt
211 1955 301 2012 rerba
326 1953 431 2028 capitis
452 1974 512 2024 240
537 1947 707 2033 (134.10):
732 1954 833 2025 Agaue
848 1953 1029 2026 &rothoma
1052 1955 1081 2009 ia
1097 1954 1201 2027 Illyria
1226 1952 1278 2029 (se.

138 2061 243 2137 occidit),
261 2069 294 2118 at
314 2080 430 2132 requam
452 2062 558 2118 Cadmo
575 2063 659 2135 putri
679 2061 762 2116 duret
773 2082 781 2129 ,·
798 2061 836 2116 cf.
855 2080 881 2117 c.
903 2077 963 2135 254
982 2053 1134 2137 (140.14).
1174 2062 1280 2134 Itaque

139 2181 185 2222 cunr
206 2179 334 2226 extrema
357 2168 475 2226 fabulae
505 2171 562 2238 184
589 2166 686 2243 (38.1)
713 2167 803 2224 rerba
828 2167 903 2227 sint:
930 2168 1053 2240 Agarra.
1076 2212 1081 2223 .
1102 2213 1107 2222 .
1125 2168 1155 2222 ia
1178 2167 1281 2241 Illyria

134 2271 186 2340 fiaes
205 2276 311 2332 deruar't
331 2276 373 2331 ud
392 2275 545 2332 Licotrrsra
569 2293 668 2344 laurera,
692 2293 778 2347 parram
803 2274 951 2330 Lz'coterses
973 2275 1083 2348 astrepit,
1101 2273 1280 2331 Schmidtius

138 2391 194 2437 recte
208 2383 369 2457 suspicatus
386 2381 502 2439 videtur
518 2400 582 2439 esse
599 2381 752 2448 nonnulla,
765 2398 841 2454 quae
859 2379 899 2437 ad
916 2380 1064 2437 Cadmum
1080 2380 1278 2455 pertinebant,

137 2484 187 2544 olim
215 2489 262 2545 hic
293 2490 369 2546 lecta
400 2506 473 2548 esse.
522 2489 609 2560 Quae
644 2487 744 2556 verba,
777 2505 844 2544 cum
877 2487 1015 2543 foliorum
1049 2487 1280 2562 transpositione

136 2589 230 2653 fabulae
259 2598 429 2669 138-184
455 2614 490 2652 ex
514 2596 599 2652 initio
624 2593 652 2650 in
678 2594 807 2651 mediam
833 2593 900 2650 libri
924 2604 1039 2669 partem
1063 2594 1278 2665 conicerentur,

136 2702 244 2760 mutilata
268 2722 333 2761 esse
357 2702 461 2759 mirum
479 2722 541 2759 non
565 2712 618 2761 est.
667 2701 725 2759 Sed
750 2701 779 2757 iu
804 2701 870 2776 ipsa
887 2702 989 2758 fabula
1013 2721 1104 2759 unum
1122 2712 1174 2771 est,
1197 2702 1279 2776 quod

136 2802 263 2881 Hyginum
281 2829 316 2868 ex
334 2809 460 2866 Graecis
478 2810 609 2884 pendere
627 2809 819 2867 demonstret.
856 2809 933 2865 Nam
950 2808 990 2878 id,
1014 2809 1094 2884 quod
1113 2808 1238 2866 Ovidius
1254 2802 1280 2891 3)

136 2911 235 2974 obscure
252 2917 376 2988 iudicat,
393 2917 627 2991 mythographus
652 2915 761 2973 diserte
785 2915 857 2972 dicit
881 2915 925 2972 ira
949 2915 1053 2972 Martis
1076 2916 1224 2973 Cadmum
1249 2915 1279 2972 in

135 3015 271 3081 draconem
296 3042 471 3081 conversum
497 3042 570 3082 esse.
619 3025 742 3080 Poetam
767 3041 837 3080 vero
854 3023 986 3079 fabulam
1010 3043 1045 3080 ex
1069 3023 1175 3080 eodem
1200 3042 1279 3079 com·

134 3132 220 3195 pendo
237 3130 441 3205 mythologice
465 3142 553 3205 atque
570 3131 819 3205 mythographum
836 3129 967 3186 hausisse
985 3130 1074 3187 docet
1091 3131 1165 3187 ordo
1190 3130 1279 3186 totius

134 3238 297 3307 narrationis
324 3257 401 3312 quae
426 3257 471 3294 res
496 3238 659 3295 'l'hebanas
684 3237 901 3311 complectitur,
929 3237 1055 3294 collatus
1081 3256 1148 3293 cum
1166 3236 1280 3311 Hygini

134 3337 216 3402 fabulis
246 3348 427 3418 178—184.
468 3349 547 3401 1—.6
585 3355 613 3402 et
637 3344 816 3420 Apollodori
842 3343 1024 3400 bibliotheca
1048 3346 1091 3401 ΙΙΙ
1116 3364 1144 3415 4.
1175 3346 1279 3400 1-—lll

134 3460 154 3516 5·
174 3471 197 3523 4.
242 3454 320 3511 Nam
346 3471 406 3509 non
431 3452 522 3509 modo
547 3452 655 3510 Cadmi
680 3451 901 3509 transformatio
927 3451 967 3507 ab*
990 3450 1031 3508 eis
1056 3451 1189 3509 similiter
1212 3462 1280 3526 post

134 3560 346 3635 propinquorum
382 3560 443 3616 eius
478 3560 627 3618 interitum
662 3573 822 3629 enarratur,
855 3559 908 3616 sed
942 3557 1031 3615 etiam
1062 3568 1169 3628 cetera,
1202 3577 1279 3631 quae

134 3670 298 3736 antecedunt,
325 3668 433 3726 eodem
457 3669 517 3725 fere
541 3668 633 3724 modo
664 3666 869 3743 disponuntur.
917 3666 1065 3722 'l'abulam
1098 3665 1279 3740 adiungam,

134 3783 190 3838 quae
211 3776 355 3833 rationem
373 3775 449 3832 inter
472 3786 529 3832 tres
547 3775 613 3831 illos
637 3775 870 3832 intercedentem
888 3773 1026 3832 illustret:
1053 3792 1162 3831 moneo
1179 3783 1279 3831 tamen

134 3874 250 3939 Ovidium
274 3883 474 3940 narrationem
491 3901 552 3939 non
583 3883 770 3951 continuam,
789 3881 842 3939 sed
859 3880 1032 3957 saepissime
1049 3881 1171 3938 aliarum
1190 3892 1279 3938 trans-

134 3977 320 4048 lorrnationum
346 3990 497 4048 mentione
522 3990 714 4065 interruptam
738 3989 891 4064 praebere.

134 4172 427 4193 χἣ-----ι.-----αω

218 4307 238 4376 ¹)
258 4309 350 4358 Preller
369 4326 405 4371 gr,
425 4307 502 4372 myth.
523 4309 546 4356 ΙΙ
567 4324 591 4370 p.
613 4318 674 4368 417.

218 4395 237 4461 Ι)
258 4398 381 4463 Apollod.
404 4412 429 4461 3.
452 4409 477 4461 5.
498 4411 529 4457 4;
554 4396 646 4445 Preller
665 4399 689 4446 ΙΙ
709 4413 733 4460 p,
755 4408 786 4459 27
807 4413 832 4446 n.
858 4409 880 4445 1.

218 4485 238 4562 ³)
258 4489 290 4540 cl.
313 4488 451 4554 Hauptium
471 4488 513 4538 ad.
535 4497 595 4538 met.
615 4488 662 4548 111,
686 4492 729 4555 97.
