2896 5130
500 275 765 339 ..‚5.„

66 460 127 532 246
154 477 179 534 ⁵.-
199 457 283 534 Hyg.
301 476 330 534 p.
352 455 438 534 aas)
462 453 544 527 dicit,
562 454 593 516 id
617 457 788 518 auctoribus
805 453 929 517 Graecis
954 452 1163 517 communibus
1186 451 1236 516 de·

62 567 127 624 beri
152 586 248 643 posse
272 567 362 625 docet
386 565 514 638 Quintus
539 567 718 639 Smyrnaeus
742 569 810 636 XII,
838 581 910 641 525.
926 561 949 643 ¹)
995 562 1151 624 Praeterea
1174 566 1236 640 Hy·

61 675 151 750 ginus
176 673 406 750 inscriptionem
430 672 508 747 equi,
526 692 615 746 quam
633 674 781 750 Vergilius
806 673 923 743 omittit,
949 674 1059 749 profert
1082 669 1132 747 (cf.
1150 653 1236 730 Accii

42 771 177 859 'Deiph
204 783 240 840 sr.
258 783 324 839 1=
336 781 418 838 Serv.
438 781 516 839 Dan.
536 781 583 838 ad.
603 783 678 839 Aen.
695 783 734 851 II,
756 781 814 858 17).
850 780 999 854 Vergilius
1015 779 1146 854 denique
1170 797 1233 836 nar·

60 901 104 948 rat
131 885 175 972 (v.
206 888 459 968 256)‚Sin0nem,
486 906 554 944 curn
578 889 661 963 regia
683 889 791 964 puppis
824 869 909 963 signa
941 887 1083 957 dedisset,
1108 887 1236 944 claustra

61 997 131 1072 equi
150 995 279 1054 Troiani
302 994 460 1053 revellisse.
502 995 614 1068 Hygini
632 1006 729 1053 autem
749 996 858 1057 verba:
883 995 986 1051 Achivi
1006 1014 1041 1051 ex
1056 1013 1124 1069 equo
1139 1000 1235 1069 aperto

61 1125 79 1162 a
109 1104 221 1161 Sinone
249 1104 385 1159 exierant.
413 1149 418 1158 .
446 1148 451 1158 .
483 1103 618 1176 sumasque
649 1105 727 1176 signo
755 1103 820 1159 (diro
852 1109 1009 1177 receperunt
1039 1101 1133 1176 magis
1166 1118 1233 1157 cum

60 1209 226 1286 hypothesi
248 1198 350 1271 Ἰλίου
374 1207 521 1290 πέρσιόος
545 1209 660 1266 Arctini
683 1203 727 1290 (p.
754 1229 794 1283 49
823 1203 943 1291 Kinkel)
968 1208 1151 1266 concinunt:
1176 1215 1232 1269 καὶ

60 1321 170 1381 Σίνων
196 1313 271 1391 τούς
295 1313 435 1399 πυρσούς
458 1314 593 1395 ἀνίσχει.
641 1319 687 1373 :lc
711 1327 811 1374 tamen
841 1335 982 1389 magnam
1007 1314 1232 1373 similitudinem

60 1427 137 1484 inter
156 1423 358 1483 narrationem
377 1412 524 1498 poeticam
550 1435 578 1481 et
595 1424 798 1498 Hyginianam
823 1441 887 1481 esse
904 1423 1089 1481 Ribbeckius
1104 1415 1130 1501 ²²)
1154 1430 1232 1478 recte

59 1532 155 1594 sidit:
181 1549 281 1605 neque
306 1530 429 1588 omnino
464 1531 527 1588 tieri
551 1531 656 1606 potuit,
681 1542 712 1588 ut
748 1531 981 1606 mythographus
1006 1530 1138 1599 Latinus,
1164 1548 1231 1586 curn

59 1639 172 1697 Troiae
199 1637 347 1696 excidium
373 1638 500 1708 referret,
526 1639 700 1712 Vergiliana
724 1638 856 1696 evitaret.
917 1680 921 1688 .

194 1799 285 1873 Verg.
312 1799 387 1857 Aen.
414 1801 449 1868 ΙΙ,
478 1815 513 1873 25
900 1798 978 1871 Hyg.

101 1925 155 1966 nos
178 1906 330 1962 abiisse
353 1907 436 1962 rotr'
718 1906 838 1962 Troiani
862 1952 867 1962 .
892 1951 897 1962 .
920 1952 925 1962 .
950 1905 1145 1962 arbitrati
1165 1913 1232 1962 saul

646 2013 733 2071 hostes
756 2014 906 2069 abiisse

288 2121 422 2191 266.267

98 2227 231 2285 caedua
240 2233 298 2283 tar
314 2226 408 2297 rigr'lrs
417 2227 561 2300 portaque
567 2235 620 2301 pu·
661 2235 813 2301 portarum
853 2228 971 2285 castales
1008 2228 1231 2284 occiderunt

392 2333 507 2389 tentibus
529 2352 621 2391 ortrrzcs
665 2338 859 2409 sociosque
887 2336 967 2408 siguo
989 2335 1055 2391 duta
1086 2344 1226 2409 recepe-

97 2442 301 2516 accipiant
321 2442 453 2497 sociat.
664 2450 761 2500 rarat.

161 2601 208 2659 Cf.
234 2610 388 2675 praetcrea
413 2601 520 2658 verba:
545 2619 606 2658 cam
629 2609 709 2660 tractu
733 2603 797 2659 lusa
830 2609 912 2677 atque
942 2604 1007 2659 aian
1029 2602 1100 2659 lassi
1132 2603 1225 2661 obdor-

55 2712 169 2768 missent
190 2726 258 2765 curn
281 2707 413 2766 versibus
441 2724 511 2782 253.
540 2712 598 2784 265
637 2720 665 2768 et
705 2710 813 2767 verba:
838 2711 975 2766 Priamus
995 2710 1147 2784 feriati
1167 2730 1224 2767 ma

54 2825 172 2892 gnopere
196 2823 230 2872 at
253 2821 341 2872 esseut
367 2815 456 2872 edicit
488 2834 555 2873 cum
580 2818 685 2875 Horat.
711 2837 735 2874 c.
763 2837 792 2888 4.
820 2819 848 2876 6.
878 2835 929 2887 14:
964 2817 1036 2873 thale
1069 2817 1225 2880 feriatos

59 2924 158 2981 Troas.
208 2922 269 2980 Sed
303 2922 387 2990 haec,
420 2940 496 2996 quae
529 2924 713 2998 protulimus,
747 2923 840 2999 magis
874 2924 912 2981 ad
943 2924 1100 2981 verborum
1133 2943 1224 2999 quarn

54 3029 221 3105 argumenti
245 3029 458 3086 mutuationem
483 3030 619 3088 videntur
652 3050 716 3090 esse
747 3031 927 3089 revocanda.
975 3031 1111 3101 Accedit,
1139 3032 1223 3106 quod

55 3137 193 3212 Hyginus
218 3137 306 3194 etiam
336 3137 506 3210 catalogum
530 3156 641 3208 eorum,
668 3139 719 3213 qui
749 3157 858 3212 equum
882 3138 1046 3196 Troianum
1079 3157 1220 3196 conscen-

55 3245 172 3313 derunt,
206 3252 314 3318 poetae
347 3237 482 3321 debet.³)
530 3246 606 3302 Nam
637 3266 698 3303 non
732 3246 823 3304 modo
857 3246 981 3303 nomina
1012 3256 1126 3304 remoto
1160 3265 1220 3304 nno

54 3352 137 3426 Epeo
161 3350 348 3424 Vergiliano,
366 3368 455 3424 quem
471 3352 703 3427 mythographus
720 3352 880 3410 memoriae
897 3352 968 3410 vitio
986 3372 1053 3409 cum
1070 3353 1219 3413 Diomede

55 3456 198 3529 confudit,
224 3458 422 3527 consentiunt,
441 3459 493 3515 sed
518 3461 661 3517 nonnulla
685 3461 774 3517 etiam
799 3460 905 3517 eodem
922 3460 1036 3530 ordine,
1055 3479 1115 3535 quo
1140 3462 1219 3536 apud

54 3564 226 3639 Vergilium,
240 3575 467 3622 enumerantur:
487 3567 677 3624 'l‘hessander
694 3568 849 3625 Sthenelus
867 3600 908 3610 —·
918 3570 1048 3625 Acamas
1062 3568 1163 3626 Thoas
1178 3603 1218 3610 -

56 3672 205 3729 Machaon
228 3671 452 3746 Neoptolemus¹

160 3777 302 3836 Eiusdem
325 3779 441 3851 generis
459 3790 526 3836 sunt
543 3800 588 3849 ea,
607 3781 731 3854 quaein
749 3801 774 3840 e.
798 3786 854 3839 182
882 3784 919 3841 dc
936 3783 1099 3840 nutricibus
1117 3783 1217 3842 Liberi

56 3973 370 3980 --.---.

160 4074 181 4144 ¹)
200 4076 232 4125 cf.
254 4077 368 4125 Ribbeck
387 4082 450 4126 rdrn.
471 4086 532 4140 trag.
554 4095 580 4141 p.
603 4090 634 4139 27
655 4093 691 4136 s.;
715 4079 794 4127 Plaut.
815 4080 908 4128 Bacch.
931 4094 990 4144 933,
1013 4098 1062 4146 quo
1081 4081 1137 4131 loco
1150 4083 1214 4131 Nae-

53 4167 84 4214 vii
103 4167 201 4231 Equum
221 4166 357 4213 Troianum
377 4166 509 4230 significari
529 4176 598 4230 putat
617 4168 770 4217 Ribbeckius
789 4169 807 4216 l.
828 4170 845 4216 l.
868 4185 893 4231 p.
914 4170 958 4229 48.

158 4252 179 4321 ²)
198 4255 216 4302 l.
237 4255 255 4302 l.
277 4272 302 4318 p.
325 4255 368 4303 26.

158 4342 180 4410 ³)
199 4343 405 4392 Wilamowitzius
421 4345 488 4408 lsyll.
504 4362 528 4393 v.
546 4345 683 4408 Epidauros
698 4363 722 4409 p.
740 4359 782 4409 49,
799 4363 853 4396 curn
868 4347 1011 4417 catalogum
1030 4349 1108 4398 eicere
1127 4350 1211 4423 vellet²

50 4435 170 4499 reliquum
189 4433 337 4482 elocutionis
355 4449 504 4484 consensum
522 4435 640 4500 neglexit.
