2896 5130
504 312 723 368 „,9„.

69 501 143 560 autem,
177 491 226 565 qui
264 508 332 547 cum
357 489 492 546 Roberto
528 489 635 546 sentiet
668 490 769 561 verba,
808 491 846 548 de
881 490 989 566 quibus
1025 489 1130 564 agitur,
1168 489 1198 546 in

67 599 199 656 Strozaiauo
224 618 285 655 non
310 596 482 665 desiderari,
508 596 561 654 sed
585 597 753 654 recensioni
784 606 904 655 nostrae
939 596 1088 654 inculcata
1123 614 1198 673 esse,

65 707 161 764 Senium
186 706 225 763 ad
249 706 344 780 eclog.
366 705 448 765 VIII.
478 721 491 778 5
500 720 527 778 5,
553 703 605 777 qui
632 703 696 779 ipse
721 723 842 779 quoque
859 704 972 780 Hygini
997 704 1197 761 narrationem

64 814 169 888 sequitu,
195 814 302 871 eodem
328 810 488 885 exemplari
513 811 702 885 interpolate,
729 831 789 886 quo
806 832 871 881 nos
889 831 973 869 usum
991 830 1054 868 esse
1071 811 1196 886 putabit,

62 940 106 978 curn
126 921 213 978 verba
237 919 299 977 eius
323 919 397 976 sint:
423 919 523 992 Apelle
546 939 607 975 erem
632 921 661 976 iu
684 922 787 977 sarranis
803 922 918 987 errauerit,
935 920 1088 977 ce'tlrureedr'
1100 920 1198 976 lrahe'tu

61 1036 253 1102 11111111
275 1028 385 1084 cr'tlroru
410 1035 442 1083 rel
462 1029 567 1084 vitiaret
586 1029 714 1096 theridius,
739 1029 880 1085 errexr'lr'eeur
904 1030 930 1084 ee'
951 1047 1006 1084 uem
1036 1027 1198 1101 desertrerum

57 1137 198 1208 promimus.
246 1136 388 1191 Attamen
413 1134 562 1190 Ilobertus
600 1134 740 1192 concedit
763 1153 824 1191 non
860 1135 1011 1193 defuturos
1047 1152 1121 1202 esse,
1147 1132 1198 1208 qui

59 1241 126 1299 Servii
147 1240 318 1298 testimonio
343 1241 416 1297 haec
433 1240 523 1297 verba
539 1240 670 1309 delendi
690 1241 854 1298 Strozziani
871 1252 970 1299 autern
986 1241 1196 1309 narrationem,

58 1349 201 1424 atsaepius
226 1350 258 1406 fit
283 1341 331 1431 (cs.
357 1368 382 1408 c.
414 1352 471 1405 188
497 1349 612 1406 Robert
636 1369 664 1424 p.
694 1350 777 1424 217),
803 1348 833 1404 in
858 1348 977 1406 brevius
1014 1358 1197 1405 contractam

56 1474 102 1514 esse
121 1465 281 1514 censeant..
317 1456 465 1531 Equidem
489 1475 537 1514 me
561 1475 628 1514 eum
654 1475 719 1514 esse
743 1476 804 1513 non
830 1476 918 1530 nego,
944 1456 996 1530 qui
1020 1456 1111 1513 verba
1137 1458 1197 1530 Hy-

56 1563 106 1637 gino
126 1563 242 1632 tribuat,
268 1581 336 1619 curn
361 1562 434 1620 alius
459 1564 551 1632 locuS,
570 1563 667 1637 quiin
686 1563 972 1621 eademfabulaest
995 1564 1036 1638 lp.
1066 1579 1136 1637 125.
1158 1563 1197 1640 2),

56 1681 132 1744 aperte
155 1689 189 1727 ea
214 1669 352 1744 respiciat
376 1679 466 1744 atque
503 1669 592 1727 etiam
626 1672 772 1744 postulet:
807 1691 859 1728 rex
881 1705 911 1714 -κ
948 1671 1082 1728 Arionem
1120 1671 1202 1726 riessit

56 1779 82 1833 ita
101 1785 236 1845 ornatum,
260 1778 395 1850 petererede
417 1796 445 1832 re
461 1778 709 1852 perrerr'pr'tueerat,
734 1779 890 1837 delitescere.
939 1779 1045 1852 Neque
1069 1777 1130 1835 veri
1155 1785 1199 1834 est

56 1883 210 1942 simillimum
246 1885 444 1958 fragmentum
468 1884 706 1942 Niebuhrianum
742 1887 861 1943 saeculo
897 1886 1002 1960 quinto
1032 1886 1078 1942 vel
1115 1894 1198 1942 sexto

56 2002 181 2048 exaratam
206 2011 241 2049 ac
265 1991 379 2048 scholia
404 1991 573 2048 Strozziana
597 1991 674 2048 illius
699 2003 796 2050 aetate
814 1994 907 2050 multo
924 1993 1063 2050 inferiora
1080 1987 1102 2070 ¹)
1127 1992 1198 2049 inte-

56 2096 128 2170 griore
150 2118 239 2174 quam
265 2099 397 2156 Servium
435 2099 595 2173 exemplari
631 2118 685 2156 usa
719 2117 792 2157 esse.
842 2103 880 2156 At
914 2100 1003 2158 ceteri
1037 2099 1197 2174 scriptores

56 2201 89 2261 isti
107 2206 217 2278 miselli,
243 2207 294 2281 qui
319 2218 387 2281 post
412 2207 545 2264 Servium
570 2207 600 2263 in
627 2207 713 2264 rebus
747 2207 957 2283 mythologicis
993 2210 1197 2275 versabantur,

56 2310 212 2388 Fulgentius
250 2314 426 2371 Lactantius
451 2315 594 2388 interpres
619 2314 713 2383 Statii,
751 2315 924 2372 Lactantius
960 2315 1108 2384 Placidus,
1147 2315 1198 2388 qui

57 2419 147 2490 dicitur,
162 2416 185 2495 2)
221 2432 356 2479 narrator
380 2421 556 2491 (lvidianuS,
595 2422 801 2479 recensionem
838 2432 1025 2480 retractatam
1061 2423 1199 2479 videntur

57 2526 212 2586 adhibuisse.
261 2531 356 2604 Supra
380 2529 458 2586 enim
483 2529 610 2587 vidimus
629 2530 746 2586 fabulas
764 2531 931 2605 duplicatas
956 2530 1017 2587 sive
1033 2529 1198 2605 geminatas

55 2650 98 2691 non
119 2636 154 2693 ab
178 2637 302 2710 Hygino
326 2655 391 2694 esse
415 2638 582 2711 profectas:
607 2638 851 2712 interpolatarum
876 2638 964 2712 igitur
987 2638 1017 2694 in
1042 2655 1196 2694 numerum

55 2739 144 2800 lahulas
169 2747 206 2815 87
235 2754 264 2801 et
292 2746 347 2800 181
376 2744 545 2802 referendas
569 2763 634 2802 esse
658 2745 778 2802 collatio
814 2745 953 2802 similium
990 2745 1194 2819 exemplorum

55 2851 227 2925 comprobare
251 2851 416 2909 videbatur.
465 2853 548 2908 Illam
573 2863 681 2922 autem,
714 2871 832 2926 quaec
867 2852 969 2909 fabula
994 2855 1034 2910 88
1071 2851 1196 2926 repetita

54 2966 91 3023 est,
111 2958 253 3016 scholium
279 2959 351 3015 Stat.
376 2959 473 3017 Theb.
500 2961 523 3026 1,
551 2962 623 3033 ⁶94-
648 2962 702 3029 IV,
729 2963 790 3034 306
817 2942 957 3032 sequilur.
1005 2959 1104 3033 Caput
1125 2962 1197 3028 181,

54 3079 97 3134 quo
119 3075 322 3140 argumentum
354 3067 558 3123 antecedentis
590 3067 630 3123 ita
660 3067 837 3144 geminatur,
864 3077 893 3123 nt
923 3065 1022 3123 fabula
1047 3066 1198 3123 Ovidiana

53 3179 103 3227 uret.
125 3174 177 3243 Ill,
208 3189 264 3247 155
292 3193 359 3247 sqq.
385 3183 542 3248 repetatur,
568 3175 606 3232 ad
630 3176 752 3232 verbum
778 3193 843 3231 eum
861 3173 1030 3231 narratione
1048 3173 1198 3231 Ovidiana

53 3273 176 3337 Lactantii
200 3280 315 3337 Placidi
339 3283 423 3350 lll,2
450 3282 590 3338 concinit.
639 3281 819 3339 Schmidtius
844 3292 952 3350 autem,
971 3280 1022 3354 qui
1038 3281 1116 3337 hunc
1134 3299 1198 3338 esse

53 3380 142 3443 lentem
165 3387 271 3462 eapitis
300 3390 355 3445 181
384 3389 487 3463 philol.
512 3391 609 3457 XXV,
635 3408 654 3464 p
682 3392 744 3460 416
764 3389 845 3457 dicit,
874 3389 1064 3446 vehementer
1080 3389 1195 3458 erravit,

53 3493 173 3560 quoniam
197 3495 340 3564 fabulam,
366 3515 443 3569 (quae
468 3496 543 3553 inter
567 3496 754 3571 Hyginianas
779 3496 893 3570 legitur,
920 3496 1012 3552 nnrlto
1030 3495 1196 3553 uberiorem

54 3610 213 3675 essequam
251 3602 331 3659 illam
366 3605 487 3660 alteram
523 3604 713 3661 manifestum
754 3612 806 3660 est.
855 3603 1018 3677 Praecipue
1058 3604 1196 3676 catalogo

54 3718 137 3766 cauum
161 3709 323 3777 Ovidian0,
349 3729 438 3784 quem
474 3710 575 3768 fabula
604 3714 658 3767 181
699 3710 791 3779 addit,
828 3729 889 3767 nou
913 3709 1096 3778 Lactantius
1134 3728 1197 3784 per-

54 3811 164 3882 spicuum
189 3827 233 3875 est
256 3828 408 3875 auctorem
444 3817 550 3893 capitis
576 3819 707 3875 fabulam
732 3817 912 3875 Ovidianam
943 3836 1004 3874 non
1030 3837 1047 3873 a
1071 3819 1196 3874 Lactan-

55 3914 85 3972 tio
103 3925 259 4000 accepisse,
286 3926 339 3983 sed
364 3925 461 3999 ipsum
484 3926 768 3999 metamorphoseon
793 3925 885 3981 libros
902 3923 1075 3999 inspexisse.
1123 3926 1196 3980 Lac-

55 4027 164 4103 tantiam,
189 4050 279 4107 quem
303 4033 343 4089 ob
368 4051 416 4090 eas
441 4051 545 4091 causas
570 4044 660 4109 caput
683 4032 714 4089 in
738 4051 822 4089 suum
849 4051 933 4089 usum
965 4031 1087 4089 vertisse
1123 4030 1195 4089 iudi-

56 4231 347 4255 &mm-..affl

138 4383 159 4454 ¹)
176 4388 272 4437 Robert
290 4387 415 4438 Eratosth.
437 4396 485 4436 cat.
506 4387 619 4449 epimetr.
641 4387 652 4433 I
671 4403 697 4450 p.
721 4399 772 4435 220

138 4473 158 4547 ἱ)
176 4479 298 4546 Foerster,
317 4480 378 4528 raub
398 4480 441 4526 der
460 4477 578 4541 Perseph.
601 4493 625 4541 p.
648 4478 709 4540 289.
