2896 5130
383 448 498 508 Irosith.
970 449 1065 504 codes
1091 423 1141 505 1⁴1·

207 554 263 623 diti
293 555 353 640 τὴν
383 551 535 639 ἁρπαγὴν
560 554 713 639 lleporuri·
807 558 992 632 l'runrpi'nur
1015 564 1100 630 raptu
1125 557 1292 613 oberrantes,

165 674 220 751 ipe
243 660 432 749 θρηνοῦσαι.
498 739 501 746 Ι

274 824 416 884 Bursiauo
449 834 556 889 auteur,
582 822 631 895 (pri
665 821 895 897 discrepantiam
930 824 1033 880 tollere
1064 824 1172 888 studet,
1199 842 1263 879 cuni
1295 823 1318 879 in

164 933 337 993 recensione
373 930 486 987 codicis
518 930 548 986 1³.
584 936 696 1002 ruptum
726 930 872 1003 plurimus
908 929 1027 997 cuuieit,
1054 940 1175 1004 propter
1208 931 1317 986 alteram

163 1040 242 1099 iilam
266 1037 496 1114 discrepantiam
521 1035 655 1093 assentiri
687 1036 774 1092 nobis
799 1036 960 1093 nonlicet.
1011 1037 1044 1093 ld
1078 1037 1200 1110 quidem
1235 1047 1313 1093 statu·

164 1148 273 1205 endum
306 1158 350 1203 est
382 1142 563 1219 exemplaria
595 1142 745 1217 utriusque
779 1143 944 1212 dissentire,
978 1144 1196 1201 liositheanum
1231 1154 1315 1200 autern

165 1252 389 1330 praeferendum
413 1269 486 1308 esse.
535 1249 593 1306 Sed
619 1249 727 1306 exitum
753 1249 872 1306 subulae
897 1251 935 1307 ab
961 1251 1119 1325 interprete
1145 1253 1263 1308 Graeco
1294 1251 1315 1305 in

164 1360 281 1419 lirerius
305 1369 487 1415 contractum
512 1375 577 1414 esse
610 1356 798 1431 perspicuum
824 1367 883 1423 est;
909 1358 945 1414 cf.
982 1377 1048 1414 cunr
1084 1358 1182 1415 verbis
1204 1356 1316 1414 'codicis

163 1478 252 1542 caput
280 1482 336 1540 125
362 1464 449 1533 (108.
480 1458 541 1545 11).

272 1572 397 1630 Gravius
422 1590 490 1628 vero
520 1581 615 1628 exstat
648 1571 847 1628 testimonium
882 1571 1086 1629 recensionem
1112 1572 1316 1629 Dositheananr

162 1691 304 1740 anostra
327 1698 388 1736 non
412 1679 504 1735 modo
528 1678 674 1736 diversam
700 1680 798 1743 fuisse,
824 1680 878 1736 sed
901 1698 1126 1753 nonnumquam
1160 1680 1249 1737 etiarn
1282 1679 1315 1736 in·

162 1788 318 1865 tegriorem
342 1804 475 1843 servasse
498 1795 625 1844 testum:
652 1787 847 1859 fragmentum
872 1786 951 1855 (litai,
970 1787 1052 1860 (prud
1069 1797 1112 1843 est
1130 1787 1167 1844 de
1185 1788 1314 1855 'santulo

163 1904 368 1970 comparatum
392 1912 459 1949 cunr
483 1893 582 1949 verbis
606 1893 738 1950 codicis:

384 2053 500 2110 Dosith.
887 2055 919 2112 1³.
945 2073 970 2111 c.
998 2056 1035 2110 82
1063 2058 1127 2125 (82.
1156 2050 1220 2123 zoi.

209 2161 246 2226 cri
286 2155 441 2225 κάλλιστα
481 2163 536 2241 τῆς
576 2157 717 2243 ὀπώρας,
803 2170 890 2235 pennu
920 2162 946 2216 ri
975 2170 1059 2234 supcr
1089 2169 1173 2235 caput
1197 2164 1316 2238 perflarit,

163 2262 249 2345 ὅπως
270 2268 377 2362 βλέπῃ
403 2275 458 2331 καὶ
481 2262 524 2349 μή
552 2261 704 2360 diyyiivp.
767 2287 839 2340 parur
861 2285 922 2324 curu
945 2269 1007 2324 vult
1027 2287 1135 2325 srrrrrrrr
1159 2272 1237 2327 romi
1251 2276 1318 2326 rrntu

769 2377 837 2430 tueri
858 2376 993 2432 tradunt.

271 2537 449 2594 Munckerus
486 2535 599 2591 codicis
635 2534 726 2591 rerba
762 2553 826 2592 esse
859 2535 974 2592 censuit
1007 2537 1192 2609 glossatoris,
1240 2538 1317 2594 Nunc

163 2646 253 2705 rerba
277 2663 337 2701 non
362 2643 499 2708 insiticia,
526 2642 638 2698 sedes
671 2642 818 2713 genuinis,
844 2661 921 2716 iprae
945 2644 1106 2700 Dositheus
1140 2643 1262 2710 indicat,
1286 2644 1318 2699 ita

164 2762 276 2812 mutata
308 2769 373 2808 esse
408 2750 558 2815 discimus,
591 2759 622 2806 ut
656 2751 746 2806 rerba
782 2752 986 2809 antecedentis
1022 2751 1237 2808 enuntiationis
1270 2753 1318 2808 huc

161 2860 400 2919 transferrentur:

282 3038 308 3075 e.
335 3019 373 3074 82
400 3015 463 3092 (82.
490 3018 507 3073 l.
537 3012 600 3098 20).
994 3020 1012 3074 l.
1044 3039 1090 3094 ¹9·

193 3136 279 3202 purim
291 3126 317 3181 (ν’
326 3132 410 3198 snper
419 3125 635 3198 cipurpuulmt,
647 3143 720 3198 quur

160 3252 220 3291 cum
243 3233 304 3289 rudi
324 3250 431 3288 srurrrrr
453 3233 532 3287 rurm'
552 3239 630 3288 ωηο
653 3233 721 3288 rrrud'
808 3249 867 3288 cum
879 3234 1011 3290 liniarum
1028 3253 1121 3307 aprrur
1136 3234 1318 3297 rrrltsumerr¹

161 3341 294 3399 recedunt.
766 3358 872 3411 tristium
895 3341 1022 3397 terruere.

269 3498 361 3571 Quod
386 3498 582 3571 fragmentum
607 3497 680 3554 illud
707 3498 923 3556 uosirneanum
948 3501 1092 3558 continuo
1117 3503 1225 3570 fabula,
1252 3520 1318 3578 quat

162 3622 205 3667 est
238 3607 275 3665 de
309 3606 436 3679 Philyra,
463 3605 617 3679 excipitur,
643 3616 781 3673 nonest,
815 3608 897 3680 <prod
931 3610 1039 3665 lacuna
1072 3610 1231 3667 statuenda
1262 3629 1318 3667 essi

162 3716 305 3781 videatur,
332 3712 504 3788 praesertim
529 3732 596 3769 cum
622 3712 782 3769 Dositlreus
815 3713 844 3770 in
879 3716 1017 3789 catalogo
1048 3717 1226 3784 tabidarum,
1253 3735 1318 3792 qua:

162 3831 345 3881 enarraturus
370 3831 441 3889 erat,
467 3820 586 3877 'santali
613 3820 743 3876 saluriam
767 3831 835 3877 aute
859 3822 993 3895 Philyrae
1026 3824 1155 3879 saiudarn
1187 3825 1318 3881 collocet

161 3932 293 4005 Apparet
318 3927 405 4001 igitur
428 3928 520 3983 rerba
544 3927 700 4000 fragmenti
725 3927 753 3983 in
779 3928 857 3984 exitu
882 3929 987 4003 capitis
1014 3930 1190 3986 Dositheani
1226 3931 1318 3988 fuisse

161 4056 197 4095 ea
220 4045 327 4101 auteur,
354 4052 431 4108 quae
455 4033 484 4089 in
509 4034 615 4091 codice
642 4035 672 4090 1¹¹.
699 4053 714 4090 e
740 4035 878 4091 Lucretio
893 4032 923 4113 ¹),
950 4046 980 4091 ut
1012 4036 1137 4104 videtur,
1164 4037 1318 4095 adduntur

162 4230 205 4238 ....-
214 4232 223 4236 ..
272 4230 301 4235 .--
351 4230 362 4234 ..
377 4230 381 4234 .

269 4331 288 4398 ¹)
308 4335 344 4380 ur
365 4333 425 4393 980.
449 4334 496 4394 981
519 4333 623 4381 Lachm.

266 4423 333 4471 Nec
349 4423 446 4471 miser
460 4423 655 4486 impendens
672 4440 821 4487 maguum
835 4425 926 4472 timet
941 4442 1013 4474 aere
1031 4441 1142 4474 saxum
1158 4427 1318 4476 'I‘antalus
