2896 5130
46 504 179 568 huiusmodi
203 505 408 568 additamenta
432 515 529 567 aetate
552 503 604 565 illa
628 503 788 582 singularia
812 503 1040 583 tabularumque
1066 502 1179 565 librum

45 618 153 693 paulatim
193 617 228 674 iis
267 616 450 691 temporibus
493 614 645 673 oblivione
691 616 829 673 obrutum
874 634 938 674 esse
984 615 1180 672 indicandum

10 758 13 815 ἑ
44 736 78 794 est,
97 727 197 799 quibus
214 726 422 802 mythographi
439 725 578 784 Vaticani
596 724 776 801 compendia
800 724 1031 782 conscribebant
1055 733 1084 782 et
1101 724 1181 781 fabu-

42 833 289 892 laranraecarnm
300 835 367 891 loco
379 844 552 907 argumenta
563 833 706 892 escholiis
715 832 975 907 Latinisexcerpta
985 830 1180 906 praebebant.

41 941 118 1014 Neque
140 941 261 998 difficile
277 951 321 999 est
344 959 537 1016 cognoscere,
556 959 616 1015 qua
632 940 748 998 ratione
765 958 861 1014 quove
879 939 1006 996 consilio
1024 957 1069 1010 ea,
1088 956 1179 1013 qnam

41 1067 76 1104 nos
100 1048 250 1118 habenam,
270 1048 406 1106 recensio
423 1048 562 1107 confecta
578 1048 623 1105 sit.
665 1048 795 1105 Fabulas
820 1048 987 1104 scholarum
1005 1045 1070 1104 usui
1094 1046 1181 1104 desti-

10 1136 12 1145 *
41 1165 99 1212 natas
121 1155 208 1212 luisse
233 1165 262 1212 et
285 1154 378 1212 libelli
402 1154 559 1230 dispositio
584 1165 612 1212 et
629 1154 765 1211 llosithei
790 1153 990 1212 testimonium
1008 1153 1106 1211 docet.
1154 1154 1181 1208 A

10 1300 13 1309 ·
41 1261 182 1336 magistellis
207 1261 294 1337 igitur
317 1261 424 1318 librum
450 1261 488 1319 ad
513 1261 727 1317 institutionem
752 1260 896 1334 puerilem
920 1270 1127 1334 praeparatum
1152 1271 1181 1317 et

41 1367 185 1426 astructum
217 1387 282 1426 esse
306 1378 397 1443 patet,
432 1368 479 1425 cni
503 1369 565 1424 sato
599 1367 699 1424 onmia
723 1366 889 1424 enchiridia
906 1366 1110 1440 mythologica
1128 1367 1180 1424 ob·

40 1476 104 1532 noxia
126 1476 214 1534 luisse
239 1485 318 1534 recte
342 1475 462 1534 Bethins
487 1484 600 1549 ‹praest
649 1475 738 1531 lliod.
783 1493 811 1548 p.
848 1477 887 1549 98
918 1483 1029 1531 monet.
1076 1475 1182 1548 ltaque

40 1583 161 1642 evanescit
194 1594 222 1642 et
260 1584 299 1641 arl
334 1583 458 1640 nihilum
494 1578 590 1658 paene
626 1582 768 1658 redigitur
795 1580 923 1638 formido
963 1581 1182 1656 interpolatoris

39 1688 96 1747 istius
117 1691 244 1766 protervi
276 1701 304 1748 et
333 1690 480 1756 malevoli,
515 1709 593 1764 quae
627 1689 756 1746 virorum
788 1689 954 1757 doctorum,
990 1687 1040 1762 qni
1074 1688 1181 1746 fabulis

40 1815 132 1871 operam
149 1798 304 1868 dederunt,
322 1817 392 1875 cqux
409 1807 461 1854 est.
496 1797 627 1854 Maxime
644 1797 744 1854 titulus
763 1796 828 1853 libri
858 1795 1015 1853 mutationi
1032 1796 1182 1870 expositus

40 1914 81 1960 erat
93 1916 118 1962 et
133 1904 289 1979 dispositio
303 1903 477 1961 fabularum.
515 1904 684 1976 Garrenlrgn'u
700 1903 762 1961 sive
779 1904 965 1975 Gerrralogiue
980 1913 1040 1959 turn
1054 1904 1183 1960 Fubaduc

40 2012 255 2084 appellabantur:
280 2011 422 2068 librorum
447 2011 534 2068 trium
559 2010 620 2068 sive
648 2012 783 2080 duomm,
816 2029 891 2086 qnos
924 2009 1055 2084 genuina
1087 2012 1183 2068 forma

10 2132 13 2185 q
40 2119 184 2188 praebebat,
201 2113 223 2202 ¹)
257 2119 401 2176 memoria
435 2118 671 2187 oblitterabatur,
704 2119 844 2193 pristinus
869 2118 998 2193 capitum
1024 2117 1099 2176 ordo
1124 2117 1181 2176 dis-

10 2218 12 2293 }
39 2224 192 2284 turbabatur.

10 2300 15 2499 i
117 2334 178 2390 lam
203 2333 248 2401 iis,
274 2333 324 2407 qni
349 2332 515 2408 integrioris
540 2331 723 2390 recensionis
748 2332 872 2409 vestigia
895 2344 1093 2402 servaverunt,
1123 2335 1183 2392 dno

39 2436 241 2498 adnumerentur
265 2450 391 2515 oportet,
417 2439 531 2497 indices
556 2440 663 2497 fabulis
688 2439 783 2498 additi
807 2451 836 2498 et
860 2441 959 2516 capita
974 2441 1182 2517 genealogica,

10 2532 91 2637 {quae
121 2547 239 2622 proprie
277 2547 422 2607 dicuntur.
470 2547 540 2604 lllos
573 2565 637 2604 esse
670 2547 817 2620 genuinos
849 2547 1011 2606 llositlreus
1055 2549 1184 2624 probare

10 2642 14 2701 i
37 2648 135 2723 videtur,
161 2655 211 2729 qui
230 2664 319 2730 caput
343 2661 417 2733 arpi
440 2655 564 2735 τεχνῶν
588 2647 742 2738 triptotum
759 2647 845 2735 (274.
874 2656 948 2733 277)
973 2655 1002 2712 in
1020 2656 1183 2730 exemplari

35 2771 73 2814 sno
92 2760 208 2820 invenit.
226 2755 247 2839 2)
303 2762 367 2818 Nec
391 2761 461 2819 licet
484 2781 550 2818 curn
569 2761 715 2818 Bursiano
739 2762 813 2819 hacc
837 2762 936 2836 capita
961 2774 989 2820 et
1014 2762 1082 2833 alia,
1107 2782 1184 2837 quae

34 2867 171 2943 propinqui
189 2880 256 2926 sunt
270 2868 445 2944 argumenti,
464 2888 517 2944 pro
541 2868 678 2943 genuinis
703 2869 824 2936 habere,
843 2879 942 2926 cetera
966 2869 1085 2928 reicere.
1113 2872 1183 2927 Bur-

33 2969 110 3032 sianns
132 2975 201 3034 ideo
219 2975 248 3032 in
273 2977 351 3033 hanc
369 2976 547 3033 sententiam
572 2976 687 3033 videtur
705 2976 876 3044 inclinasse,
903 2977 985 3050 quod
1009 2976 1052 3033 illi
1069 2977 1183 3035 indices

33 3093 66 3136 res
84 3082 110 3140 in
125 3083 233 3141 sabulis
249 3084 384 3142 nondum
401 3094 651 3141 commemoratas
669 3085 803 3149 afferunt,
821 3084 851 3140 hi
864 3102 944 3154 vern,
965 3089 1183 3159 ‘quaecumque

34 3188 105 3257 partis
132 3190 336 3249 antecedentis
367 3190 542 3248 historiolae
575 3190 747 3248 communia
778 3190 899 3260 habent,
924 3191 1183 3266 comprehendunt

33 3288 179 3372 iterumque
203 3298 364 3356 memoriae
392 3299 541 3356 inculcare
566 3299 705 3357 student’
723 3293 747 3378 ³)
793 3300 880 3356 Haec
896 3309 996 3356 tamen
1025 3298 1099 3356 ratio
1121 3317 1183 3356 non

33 3399 100 3470 plane
123 3405 153 3462 in
186 3414 344 3480 utramque
377 3416 490 3482 partem
516 3406 605 3476 cadit,
640 3425 707 3464 cnm
733 3405 822 3464 etiam
853 3406 884 3462 in
908 3405 1066 3481 capitibus
1105 3423 1183 3480 quae

35 3503 173 3570 Bursianus
199 3512 230 3569 in
258 3513 458 3588 suspicionem
483 3514 609 3582 vocavit,
636 3515 728 3571 multa
751 3512 949 3584 inveniantur,
976 3531 1053 3588 qnae
1077 3513 1116 3570 ad
1141 3515 1182 3570 la·

35 3610 100 3676 bulas
122 3620 223 3678 referri
246 3639 309 3677 non
332 3620 456 3697 possint.
504 3623 608 3696 Itaque
625 3620 791 3679 Schmidtio
813 3620 948 3678 assentiri
966 3638 1094 3694 neqne0,
1120 3619 1181 3693 qui,

34 3735 82 3781 tum
102 3737 178 3785 recte
202 3737 327 3785 cunctos
359 3728 474 3786 indices
499 3728 621 3803 Hygino
656 3728 775 3796 tribnat,
811 3727 913 3785 onmia
945 3728 1016 3797 sere,
1051 3745 1128 3801 quae
1152 3726 1182 3783 hi

35 3842 254 3905 conmemorant,
281 3835 334 3893 sed
358 3836 478 3894 fabulae
502 3835 650 3904 omittunt,
676 3834 747 3892 olim
777 3833 807 3891 in
840 3834 1037 3892 antecedente
1061 3851 1183 3908 quoque

34 4016 330 4038 κὴ...-

119 4132 137 4202 ¹)
156 4143 249 4184 astron.
271 4135 295 4181 11
318 4147 363 4182 12:
386 4135 418 4182 in
445 4132 553 4197 primo
582 4134 674 4182 libro
693 4133 992 4196 Genealogiarum.
1030 4132 1137 4179 Primum
1159 4136 1183 4178 et

35 4214 116 4273 Pilorem
135 4228 165 4272 ab
184 4225 289 4288 Hygino
308 4241 359 4272 non
379 4223 472 4272 secerni
491 4223 625 4272 Bursianus
645 4231 738 4279 monet,
761 4223 794 4271 cf.
815 4222 966 4285 Tschiassny
988 4239 1012 4285 p,
1036 4231 1075 4284 15.

118 4312 137 4381 ¹)
156 4295 344 4364 Cassiodorinm
372 4330 471 4379 quoque
499 4313 525 4361 in
553 4314 683 4362 Variarum
709 4313 779 4361 libris
809 4312 834 4360 id
864 4312 1007 4360 adhibuisse
1033 4310 1182 4360 Knaaclcius

36 4389 99 4448 docuit
115 4405 199 4454 Herm.
220 4405 291 4471 XVI,
312 4421 337 4468 p,
358 4405 408 4469 586
428 4421 483 4469 sqq.

119 4488 138 4559 1)
156 4493 271 4542 Schmidt
290 4493 370 4559 praef.
394 4510 419 4559 p.
443 4493 571 4553 XXVIIl;
594 4493 698 4545 Bursian
719 4492 736 4543 l.
758 4493 777 4541 l.
798 4507 824 4557 p.
847 4492 907 4557 781.
