2896 5130
544 366 767 431 ..35-

181 545 283 626 Neque
306 549 471 628 igiturest,
497 551 580 626 quod
603 549 853 627 mythographum
875 546 925 607 hic
947 568 966 608 a
987 544 1130 620 fontibus,
1163 562 1238 623 quos

126 658 163 732 *qui
183 659 266 729 solet,
290 657 438 717 defecisse
462 668 634 717 statuamus.

182 764 266 823 Alios
291 764 434 824 flosculos
458 765 595 842 poeticos
618 763 799 823 Schmidtius
829 763 1007 840 investigare
1039 774 1164 822 conatus
1187 773 1240 822 est.

126 880 208 931 rtasse
231 873 325 932 verba
348 872 469 932 fabulae
498 889 557 949 150
583 864 647 955 (25.
671 873 722 952 ιο)
738 872 803 930 coeli
815 872 954 947 fornicem
971 872 1010 931 ab
1026 871 1126 930 Ennio
1141 863 1239 952 (apud

126 997 140 1035 :.
162 979 198 1038 de
222 990 297 1039 orat,
323 980 438 1052 11140.
463 973 536 1063 162)
561 978 655 1054 petita
678 989 754 1038 sunt.
803 979 891 1038 Certe
913 988 1013 1038 autem
1037 997 1082 1049 ea,
1108 977 1240 1054 quaein

126 1086 176 1145 ulis
199 1089 338 1160 Homero
361 1087 471 1145 Latino
496 1097 525 1146 et
549 1087 643 1145 Statio
664 1086 769 1146 deberi
802 1086 883 1145 idem
914 1085 1038 1163 putavit,
1062 1103 1141 1144 vana
1163 1095 1240 1157 sunt,

126 1194 154 1251 td
176 1195 317 1270 Ungerus
341 1194 446 1271 philol.
470 1195 580 1264 XLVI,
605 1213 635 1271 p.
663 1211 721 1268 ²17
748 1193 872 1252 monuit.
919 1195 1079 1252 Praeterea
1101 1192 1148 1251 bis
1163 1201 1241 1250 cata·

126 1300 273 1360 rismorum
297 1301 416 1373 fabulis,
441 1319 565 1377 quarum
589 1310 689 1359 tamen
713 1300 753 1360 de
776 1301 891 1376 origine
914 1318 951 1359 ex
973 1310 1057 1376 parte
1081 1298 1240 1370 dubitatur,

126 1427 216 1468 suse
251 1409 349 1486 poetis
373 1408 490 1468 Latinis
525 1408 710 1467 adiciuntur:
736 1408 767 1466 in
802 1408 904 1466 sabula
932 1427 969 1480 14
993 1401 1060 1483 (49.
1081 1401 1136 1491 21)
1159 1405 1242 1465 Cice·

126 1515 155 1574 iis
178 1518 299 1589 Aratea,
324 1515 355 1573 in
379 1514 478 1591 capite
506 1530 563 1588 177
584 1512 647 1590 (31.
670 1507 698 1599 1)
734 1532 834 1574 versus
870 1514 982 1586 cretici,
1007 1513 1058 1590 qui
1092 1513 1240 1584 dicuntur,

126 1623 167 1681 oti
189 1623 346 1684 cuiusdam
370 1632 477 1699 poetae
491 1618 518 1706 ¹)
541 1622 708 1684 laudantur.

332 1993 378 2062 llo
403 1989 609 2062 elocutionis
633 1909 790 2078 doatleao
813 1989 980 2078 vastlulla.

179 2141 325 2201 Venimus
349 2141 388 2200 ad
412 2159 464 2200 eos
489 2141 640 2210 flosculos,
665 2140 716 2215 qui
740 2140 804 2199 sine
828 2139 921 2198 dubio
944 2147 1099 2216 poetarum
1121 2136 1242 2200 Latino·

126 2267 144 2304 n
175 2249 307 2307 carmina
340 2247 513 2323 respiciunt.
561 2249 600 2306 Et
634 2265 702 2305 cum
738 2257 905 2322 quaeratur,
940 2265 1012 2306 num
1046 2247 1242 2307 demonstrari

129 2356 172 2413 ssit
195 2375 247 2415 eos
271 2373 337 2415 esse
360 2355 517 2431 genuinos,
543 2355 602 2413 hoc
625 2364 705 2414 certe
728 2354 915 2430 exploratum
938 2364 983 2414 est
1005 2354 1144 2414 omnibus
1167 2355 1242 2414 locis

126 2480 177 2520 rum
200 2463 356 2540 Hyginum
379 2480 445 2522 esse
469 2463 705 2538 agnoscendum,
731 2462 839 2537 quibus
874 2462 966 2520 verba
1001 2462 1158 2522 enchiridii
1180 2478 1241 2538 my·

126 2570 216 2645 ilogici
240 2571 351 2630 Graeci
385 2570 472 2630 reddi
506 2570 697 2647 perspicuum
720 2569 766 2629 sit.
813 2571 894 2628 Iam
931 2588 1024 2629 vero
1060 2570 1241 2630 animad-

126 2678 276 2737 1rtimus
312 2679 482 2754 saepius
516 2678 633 2737 verba
663 2687 881 2754 poetarum
904 2677 1149 2737 Latinorum
1181 2677 1241 2736 ita

126 2783 275 2856 lhiberi,
300 2794 339 2842 ut
362 2803 501 2844 eorum
524 2784 680 2843 auxilio
704 2783 891 2843 narratio
914 2793 1067 2860 poetae
1090 2794 1159 2843 aut
1181 2785 1240 2859 hy·

126 2892 299 2951 »theseos
318 2893 504 2951 Graecae
527 2892 564 2949 in
588 2889 1022 2950 sermonemLatinum
1045 2900 1238 2951 vertatur.

126 3015 180 3072 tque
202 2998 292 3074 igitur
314 3009 414 3076 potest
437 2999 577 3071 dubitari,
602 2998 676 3074 quin
698 2998 720 3056 ii
742 2997 803 3057 loci
826 2997 884 3056 sint
906 2996 1038 3073 genuini.
1085 2998 1239 3058 Homerici

126 3121 172 3163 :sus
193 3106 341 3165 notissimi
364 3116 432 3165 sunt
455 3106 494 3165 de
517 3106 678 3165 Chimaera
700 3103 738 3186 (Z
765 3108 835 3166 181.
859 3104 950 3189 182):

177 3212 305 3299 πρόσθε
327 3212 419 3284 λέων,
445 3209 569 3278 ὄπιθεν
593 3212 630 3276 δὲ
654 3210 793 3300 δράκων,
816 3219 916 3296 μέσση
940 3210 978 3276 δὲ
999 3220 1149 3301 χίμαιρα,

177 3319 286 3386 δεινόν
308 3319 539 3386 ἀποπνείουσα
563 3315 664 3408 πυρὸς
686 3329 783 3402 μένος
805 3323 1007 3402 αἰθομένοιο.

178 3429 263 3503 Quos
287 3448 356 3488 cum
380 3429 613 3506 mythographus
637 3429 668 3486 in
690 3428 793 3486 sabula
819 3442 855 3503 57
875 3420 942 3501 (60.
962 3425 992 3508 9)
1016 3427 1129 3499 laudat,
1145 3439 1239 3487 trans-

126 3529 180 3593 ione
214 3536 305 3596 utitur
328 3537 527 3595 Lucretiana:
563 3555 611 3594 ore
637 3537 793 3611 flammam
826 3536 938 3610 spirare
971 3535 1127 3607 (litabatur,
1149 3537 1236 3594 Lucr.

144 3657 217 3719 7052

167 3751 322 3824 flammam
356 3757 445 3809 taetro
480 3751 616 3828 spirantis
638 3770 685 3809 ore
713 3750 897 3820 Chimaeras;
960 3806 965 3816 ,

174 3857 248 3918 ibid.
274 3859 294 3922 l.
321 3873 376 3916 10:
394 3852 416 3937 2)
432 3861 533 3934 prima
556 3859 606 3929 leo,
623 3865 768 3934 postrema
784 3856 877 3925 draco,
894 3855 986 3914 media
1001 3857 1064 3931 ipsa
1085 3856 1238 3915 Chimaera

174 3968 276 4048 (Lucr.
301 3967 340 4037 V,
360 3964 444 4046 905).

179 4192 198 4262 ¹)
214 4197 331 4246 Fortasse
357 4194 477 4245 Varronis
503 4194 605 4245 Atacini
633 4191 729 4261 (Unger
754 4193 773 4244 Ι.
800 4194 819 4243 l.
846 4207 873 4257 p.
904 4190 973 4262 244).
1010 4192 1116 4242 Versum
1141 4192 1238 4243 tertium

126 4297 200 4334 eano
218 4284 392 4350 prohibet
410 4300 538 4349 semper
556 4300 589 4333 se
608 4283 741 4347 tingere
761 4281 890 4346 Tethys
908 4281 1034 4347 Vergilius
1046 4297 1134 4346 georg.
1151 4282 1171 4342 1,
1185 4283 1237 4342 246

126 4378 163 4422 etur
180 4374 315 4439 respicere:
346 4378 468 4423 Arctos
495 4372 626 4422 Oceani
652 4371 841 4422 metuentis
866 4387 1014 4437 aequore
1042 4371 1169 4435 tingui,
1202 4371 1235 4420 cf,

126 4461 147 4511 d.
166 4471 229 4514 met.
252 4463 285 4522 Π,
304 4472 351 4524 172
370 4463 417 4523 XI,
430 4471 497 4527 455,
520 4463 634 4526 Zingerle
653 4461 722 4511 Ovid
740 4477 764 4512 u.
784 4460 837 4511 sein
855 4460 931 4515 Verh.
949 4461 1019 4526 Hp.
1040 4460 1082 4524 85,

175 4550 197 4621 ²)
215 4554 302 4603 Verba
321 4552 484 4617 respiciuntur
502 4553 584 4618 capite
606 4561 652 4616 151
670 4550 727 4620 (25.
746 4549 799 4617 18):
822 4549 933 4607 media
950 4550 1025 4615 ipsa
1043 4549 1234 4600 Chimaera.

1026 4618 1060 4687 31
