2896 5130
493 276 711 341 Ἶρ-

56 459 121 519 urbis
140 459 338 536 hypotheseos
361 461 507 531 Graecae,
526 479 616 536 quam
632 459 802 520 Antoninus
821 457 968 519 Liberalis
986 478 1026 517 ao
1044 454 1179 531 servavit,

53 585 167 642 quamque
199 587 217 626 a
247 570 330 627 Boeo
347 563 371 646 ¹)
402 579 432 628 et
457 567 581 627 Simmia
610 567 732 626 Rhodio
766 568 897 644 pendere
929 574 1050 625 testatur
1081 565 1181 624 titulus

50 674 187 751 uuginalis
210 675 424 752 interpolatus:
471 672 590 751 Λύκιος
624 673 662 738 δὲ
693 669 895 756 μεταβαλών
924 671 1051 754 ἐγένετο
1078 669 1181 752 κόραξ

47 778 69 844 ri
84 781 189 869 χρῶμα
204 781 326 859 λευκός,
343 773 439 859 αὖτις
462 781 499 846 δὲ
521 777 622 878 βουλῇ
637 779 846 858 ’Λπόλλωνος
872 779 998 862 ἐγένετο
1028 776 1178 858 κυάνεος;

47 889 70 949 ct.
89 889 178 963 Ouid..
194 901 264 951 met.
288 893 326 963 H,
354 907 413 969 535
439 910 484 966 sq.

122 1015 197 1059 cotue
219 999 327 1076 loquax
348 1001 436 1058 subito
459 1001 603 1073 nigrantes
625 1017 721 1056 versus
743 1000 774 1055 in
796 998 868 1055 alas.

120 1125 186 1164 nam
200 1107 269 1183 suit
287 1108 355 1165 hacc
375 1108 517 1183 quondam
540 1108 628 1165 nauet's
650 1113 781 1180 argentea
798 1107 908 1182 pennis.

42 1211 107 1270 dv.
132 1207 245 1293 63a.¹)
329 1244 334 1251 ·

121 1319 239 1393 Quibus
263 1321 405 1396 exemplis
429 1321 663 1380 demonstratum
687 1329 732 1378 est
746 1319 859 1378 lumina
882 1317 1024 1377 orationis
1048 1316 1178 1376 sermoni

38 1426 135 1501 poetico
158 1427 270 1499 debita,
296 1446 374 1504 quae
396 1427 561 1488 narrationi
594 1427 721 1486 tabulari
752 1427 863 1503 passim
886 1427 1112 1502 adsperguntur,
1138 1423 1177 1482 ab

37 1531 85 1607 ipso
105 1535 321 1612 mythographo
345 1537 479 1613 proiecta
502 1553 576 1596 esse.
625 1535 660 1595 Id
684 1544 792 1608 autem,
818 1534 900 1610 quod
932 1533 1016 1610 quasi
1047 1531 1177 1608 positum

36 1657 61 1696 ac
79 1659 249 1702 concessum
265 1644 452 1720 sumpsimus,
470 1646 555 1702 firmo
580 1653 756 1718 argumento
772 1642 1001 1718 comprobatum
1020 1649 1063 1698 est
1079 1640 1176 1698 fontes

35 1746 127 1823 Hygini
148 1768 213 1810 esse
230 1752 374 1822 Graecos,
391 1752 533 1810 leviorem
557 1769 621 1811 esse
638 1750 844 1809 auctoritatem
869 1746 1082 1824 exemplarium
1098 1745 1176 1804 Lati-

10 1844 127 1916 ¹norum.
173 1859 280 1934 Itaque
304 1877 372 1917 cum
396 1869 494 1919 cetera
516 1859 616 1935 poesis
641 1858 775 1933 vestigia,
801 1875 877 1933 quae
911 1855 1033 1914 suntin
1056 1853 1174 1923 fabulis,

37 1977 185 2023 enumerare
208 1964 240 2022 in
271 1966 372 2023 animo
404 1965 450 2036 sit,
476 1965 580 2025 iterum
612 1966 778 2040 iterumque
811 1963 998 2023 monebimus
1030 1960 1176 2036 reliquam

36 2070 210 2131 narrationem
235 2073 273 2130 ad
298 2073 513 2149 compendium
536 2073 769 2148 mythologicum
794 2071 899 2131 redire.
947 2070 1085 2130 Ceterum
1108 2085 1176 2126 cau·

36 2174 123 2238 tissime
151 2181 382 2241 examinandum
411 2199 487 2251 esse,
523 2199 594 2239 num
624 2181 749 2240 imitatio
778 2179 924 2240 eiusmodi
958 2188 1061 2249 exstet,
1087 2193 1176 2251 supra

36 2286 187 2345 monuimus.
235 2289 290 2358 Ea,
308 2307 387 2363 quae
406 2288 589 2348 Schmidtius
612 2289 643 2347 in
659 2288 767 2348 fabulis
785 2291 825 2365 98
840 2280 865 2368 ³)
888 2296 917 2347 et
939 2288 998 2359 148
1015 2303 1083 2343 cum
1100 2282 1175 2342 locis

38 2389 167 2453 Ovidianis
192 2396 327 2466 contulit,
346 2415 530 2472 quamquam
553 2396 717 2455 similitudo
741 2397 888 2472 quaedam
912 2393 1015 2470 negari
1038 2410 1100 2451 non
1122 2409 1174 2467 po·

37 2505 83 2569 test,
104 2503 226 2561 sortasse
260 2503 327 2579 ipso
350 2504 568 2581 mythographo
599 2504 695 2563 inscio
728 2504 759 2562 in
791 2519 958 2562 sermonem
986 2501 1172 2577 irrepserunt.

37 2603 123 2666 Dubito
146 2609 237 2668 etiam
264 2611 303 2670 de
327 2610 427 2669 tabula
452 2628 503 2687 75,
532 2630 622 2687 quam
638 2612 791 2688 Hyginum
815 2611 854 2669 ab
877 2608 1034 2685 hypothesi
1050 2608 1174 2666 Melam·

38 2714 121 2785 podiae
144 2716 450 2777 Pseudo-Hesiodeae
474 2718 627 2795 accepisse
651 2729 782 2778 extrema
805 2719 896 2776 verba
920 2716 1030 2776 docent
1043 2715 1120 2773 Iovis
1142 2714 1174 2772 ob

36 2818 57 2873 id
63 2822 129 2894 fecit,
145 2831 180 2882 ut
198 2832 297 2901 septem
320 2833 422 2884 aetates
436 2829 542 2885 uiueret
562 2836 735 2903 comparata
758 2843 825 2884 cum
848 2842 934 2884 versu
950 2821 1173 2898 Melampodiae

35 2928 160 2991 aTzetza
183 2932 223 2992 ad
246 2932 396 3008 Lycophr.
422 2936 483 2993 682
510 2942 645 2997 servato:

114 3034 200 3103 ἑπτά
230 3043 257 3101 τ’
291 3036 347 3103 ἐπὶ
372 3034 467 3115 ζώειν
502 3035 615 3121 rovedo
636 3034 789 3124 μερόπων
813 3034 1012 3125 ἀνθρώπων.

116 3147 207 3207 Cuius
231 3148 273 3207 rei
290 3149 402 3209 mentio
419 3150 449 3208 in
473 3149 642 3208 narratione
660 3148 811 3208 Ovidiana
833 3156 902 3207 met.
928 3147 979 3216 III,
998 3147 1102 3220 316—
1108 3164 1124 3219 3
1130 3147 1170 3219 38

32 3245 102 3310 deest.
147 3257 286 3315 Fortasse
309 3257 401 3316 verba
424 3256 597 3334 Hyginiana
620 3250 749 3338 (7923)
771 3258 845 3313 inter
868 3255 962 3312 Iovem
987 3260 1016 3310 et
1035 3252 1172 3311 Iunonem

27 3351 74 3421 suit
99 3363 184 3421 iocosa
209 3364 351 3423 altercatio
382 3366 544 3441 respiciunt
573 3364 676 3424 Ovidii
700 3381 816 3422 versum
841 3382 921 3437 332:
946 3362 977 3418 de
1009 3361 1055 3418 lite
1077 3363 1165 3418 iocoso

30 3490 164 3512 Ἢ

113 3553 132 3622 ¹)
151 3556 192 3606 De
217 3557 287 3605 Boeo
315 3557 461 3606 Knaackius
489 3557 540 3622 egit
572 3557 649 3605 anall.
676 3556 811 3608 Alexandr.
832 3584 863 3592 ··
884 3556 959 3603 Rom.
996 3570 1023 3618 p.
1047 3568 1057 3603 1
1084 3570 1122 3618 sq.
1149 3560 1174 3602 et

30 3641 202 3693 wochenschrist
220 3644 239 3692 f.
260 3645 337 3694 ldass.
359 3647 447 3708 philol.
475 3645 540 3708 1890
559 3661 585 3709 p.
609 3659 652 3708 39.
692 3645 762 3694 Idem
782 3645 875 3703 omnia,
898 3659 960 3708 quae
987 3643 1019 3692 de
1037 3644 1076 3692 his
1096 3643 1172 3692 titulis

27 3730 107 3782 prolata
125 3741 191 3801 sunt,
213 3734 316 3782 contulit
336 3736 413 3783 anall.
435 3752 460 3797 p,
481 3749 495 3783 2
516 3753 542 3784 n.
569 3749 588 3786 t.

117 3818 139 3888 ²)
158 3823 288 3886 Hyginum
307 3823 428 3892 fabulam,
450 3841 513 3889 quae
532 3834 570 3874 est
589 3825 620 3874 de
640 3825 777 3891 Coronide,
793 3824 851 3872 licet
863 3838 960 3886 prorsus
977 3837 1032 3870 cum
1047 3822 1173 3871 Ovidiana

24 3910 134 3979 concinat,
156 3929 172 3962 a
191 3912 295 3961 Graecis
314 3914 438 3977 accepisse
457 3915 516 3964 inde
535 3915 693 3978 intellegitur,
710 3913 778 3978 quod
797 3928 889 3961 nomen
908 3912 1026 3960 amatoris
1039 3911 1172 3961 Coronidis

20 3999 75 4049 quod
93 4001 197 4051 Ovidius
217 4002 318 4071 omittit,
340 4003 418 4052 affert.
459 4004 617 4068 Quamquam
637 4003 717 4052 forma
732 4003 849 4068 nominis,
865 4017 940 4066 quam
960 4001 1039 4050 codex
1053 4000 1083 4050 F.
1100 4016 1171 4064 prae-

17 4072 89 4155 bebat,
110 4100 225 4155 corrupta
243 4098 290 4140 est.

112 4177 131 4249 θ)
150 4181 235 4230 Verba
254 4181 439 4246 caliginem
457 4184 505 4232 eis
524 4184 657 4233 obiecit
676 4199 726 4232 non
747 4200 762 4232 a
781 4191 847 4232 certo
866 4180 1103 4245 metamorphoseon
1115 4179 1171 4230 loco

11 4246 74 4324 (ΧΗ,
90 4272 133 4333 32)
153 4270 272 4334 pendent,
296 4272 340 4320 sed
359 4272 508 4321 elocutionis
527 4273 687 4337 Hyginianae
706 4274 806 4321 suntin
826 4273 966 4322 universum
984 4269 1081 4334 poetice
1101 4270 1171 4320 colo·

10 4346 86 4452 ξᾶξεες
109 4359 141 4408 cf,
162 4375 183 4410 e.
204 4372 237 4418 24
257 4363 313 4426 (54.
336 4361 380 4428 20)
399 4361 580 4426 caliginem
600 4363 653 4411 eis
673 4363 823 4421 obiecit,
847 4378 860 4411 c
880 4375 894 4410 2
914 4359 969 4428 (38.
982 4357 1027 4427 26)
1046 4358 1076 4408 ei
1095 4362 1171 4423 cali·

10 4452 115 4498 ³1ne1n
134 4449 274 4505 iniecit.
