2896 5130
575 369 795 423 -33-

144 559 296 616 transeamus
321 546 424 622 paucis
448 565 497 603 eas
522 545 638 603 fabulas
663 547 768 606 intueri
792 567 866 623 opus
891 547 953 616 erit,
979 567 1055 622 (71100
1071 548 1145 605 alios
1160 559 1265 622 poetas

139 657 228 713 latinos
251 665 300 712 aut
324 654 484 729 respiciunt
507 664 557 710 aut
581 653 717 711 videntur
752 655 907 730 respicere.
956 655 1140 713 Ribbeckius
1175 655 1264 724 enim,

137 783 182 820 cun
200 762 416 838 tragoediarum
441 761 614 818 Latinarum
639 772 815 837 argumenta
838 763 990 820 restituere
1014 762 1103 820 docte
1126 781 1161 819 ac
1185 782 1266 838 saga-

134 871 184 928 citer
202 881 364 937 conaretur,
389 868 608 926 Valckenaerio
632 880 792 942 praecunte
816 869 960 927 nonnulla
983 870 1081 945 capita
1094 869 1267 945 Hyginiana

134 997 155 1035 ai
172 979 222 1035 illis
253 975 415 1050 tragoediis
451 986 590 1049 excerpta
626 994 690 1033 esse
725 976 847 1034 censuit.
898 979 937 1035 Ut
971 976 1103 1034 fabulam
1133 994 1188 1049 107
1228 978 1266 1035 ad

134 1087 261 1143 limorum
300 1083 443 1141 iudicium
482 1083 664 1155 Accianum,
707 1085 837 1141 fabulam
882 1104 937 1141 102
979 1085 1018 1142 ad
1056 1085 1265 1154 Philoctetam,

134 1194 234 1250 'abulam
264 1209 323 1264 174
359 1191 398 1248 ad
433 1191 616 1264 Meleagrum
652 1190 784 1248 eiusdem
820 1202 937 1266 poetae,
975 1192 1105 1248 fabulam
1134 1212 1192 1249 100
1228 1192 1267 1249 ad

134 1301 318 1358 leuthrantem
354 1297 419 1355 Iulii
445 1297 581 1355 Caesaris
618 1299 772 1355 Strabonis
798 1291 835 1380 (l)
858 1299 953 1357 redire
989 1299 1139 1356 iudicavit.
1157 1295 1182 1381 ¹)
1227 1302 1267 1358 At

134 1429 149 1464 1
178 1427 221 1477 00,
257 1406 339 1481 quod
377 1415 484 1480 poetae
520 1424 555 1462 ac
591 1406 823 1481 mythographus
861 1406 972 1464 similes
1011 1406 1174 1464 fabularum
1211 1406 1266 1464 lor·

134 1535 171 1571 aas
208 1515 377 1590 proferunt,
418 1514 496 1570 hunc
536 1513 616 1587 ipsas
663 1513 832 1587 tragoedias
872 1513 901 1569 in
942 1532 1025 1571 usum
1065 1532 1168 1571 suuum
1207 1533 1267 1572 ver·

134 1621 177 1680 isse
198 1620 336 1679 concludi
360 1639 421 1677 nou
456 1614 562 1695 potest.
611 1620 716 1693 Neque
752 1620 831 1677 euim
868 1630 1012 1690 auctores,
1050 1640 1125 1694 iluos
1160 1631 1267 1695 poetae

134 1729 208 1804 ragici
231 1729 441 1802 sequebantur,
467 1727 554 1785 nobis
579 1727 619 1784 ita
644 1727 706 1784 uoti
731 1739 806 1796 suut,
832 1737 863 1785 ut
887 1747 931 1797 ea,
966 1745 1043 1802 quae
1069 1727 1144 1786 inter
1176 1738 1267 1786 utros·

134 1836 359 1910 preconcinunt,
386 1853 402 1893 e
425 1834 576 1891 communi
601 1835 683 1891 fonte
718 1833 837 1892 fluxisse
872 1835 1021 1911 denegare
1055 1835 1152 1894 liceat.
1200 1836 1267 1893 Cer-

134 1962 150 1998 a
167 1954 255 2001 autem
281 1952 458 2016 argumenta
493 1942 609 2009 desunt,
635 1959 712 2014 quae
737 1942 881 1999 rationem
918 1944 1017 2012 talem,
1054 1944 1173 2017 qualem
1196 1943 1267 2000 Rib-

134 2051 228 2107 ieckius
252 2048 362 2119 statuit,
398 2048 535 2124 probent.
551 2042 572 2127 ²)
619 2048 778 2123 Inscriptio
814 2049 919 2124 capitis
946 2053 962 2106 8
987 2049 1097 2106 Eadem
1132 2047 1183 2127 (sc.
1208 2053 1267 2106 An·

134 2154 200 2239 iupa)
234 2158 394 2232 Euripidis,
429 2177 515 2230 (710101
551 2157 646 2212 scribit
667 2157 781 2213 Ennius
816 2157 846 2213 in
881 2157 1012 2215 medium
1048 2157 1171 2231 proferri
1206 2177 1267 2215 non

134 2274 212 2335 potest,
236 2264 409 2339 praesertim
434 2283 501 2320 cum
526 2282 606 2321 error
641 2263 802 2338 scriptoris,
829 2264 879 2338 qui
903 2264 1034 2321 Ennium
1059 2284 1113 2339 pro
1137 2264 1267 2321 Pacuvio

134 2372 247 2440 neritinat,
273 2371 458 2445 tragoediam
492 2390 553 2427 non
590 2370 755 2445 inspectam
786 2388 851 2428 esse
886 2372 1002 2428 doceat.
1049 2371 1148 2440 Adde,
1185 2371 1268 2445 quod

134 2473 176 2547 ipse
205 2479 245 2535 vir
281 2479 387 2536 doctus
422 2479 441 2536 l.
467 2479 485 2535 l.
516 2498 543 2553 p.
574 2481 630 2534 281
670 2478 810 2536 concedit
844 2489 1047 2553 argumentum
1084 2478 1196 2552 Hygini
1232 2499 1267 2536 ex

134 2583 209 2641 {odem
225 2587 307 2642 fonte
324 2595 472 2660 sumptum
490 2602 555 2643 esse
572 2596 661 2660 atque
674 2584 819 2641 scholium
834 2585 974 2659 Apollon.
989 2585 1088 2642 Rhod.
1107 2587 1159 2654 IV,
1175 2606 1265 2661 1090.

134 2687 318 2750 Gratissimum
343 2711 412 2750 vero
437 2693 599 2751 sententiae
633 2694 845 2750 documentum
870 2693 1040 2749 Ribbeckio
1077 2692 1165 2750 fuisse
1189 2693 1267 2751 vide·

134 2814 167 2864 ur,
186 2800 264 2872 quod
288 2799 498 2857 nonnullarum
527 2800 702 2865 fabularum,
729 2820 802 2874 quas
826 2799 930 2874 tragici
954 2809 1158 2869 tractaverant,
1185 2820 1268 2876 argu·

134 2915 203 2962 nenta
224 2907 280 2963 nisi
304 2906 385 2981 apud
409 2907 562 2981 Hyginum
587 2927 647 2964 non
672 2907 860 2965 inveniuntur
883 2924 979 2981 eaque
1003 2925 1021 2963 a
1050 2906 1267 2983 mythographo

134 3013 215 3084 regico
247 3014 381 3089 quodam
417 3015 518 3072 colore
554 3025 704 3072 ornantur.
754 3016 841 3087 Quae
876 3013 950 3071 ratio
987 3013 1066 3071 cadit
1090 3014 1120 3070 in
1145 3015 1267 3072 Medum

134 3127 149 3171 {t
165 3119 187 3177 in
209 3125 335 3180 llionam
360 3121 488 3178 Pacuvii.
539 3123 599 3179 Sed
624 3122 706 3179 Medi
730 3122 861 3179 fabulam
886 3121 917 3177 in
949 3121 1130 3196 compendio
1155 3123 1266 3195 mytho-

136 3227 212 3300 ogico,
236 3249 296 3306 quo
322 3228 458 3303 Hyginus
493 3229 590 3298 utitur,
627 3229 716 3286 fuisse
740 3229 892 3286 Diodorus
916 3230 958 3284 IV
977 3229 1060 3303 56.1
1091 3220 1141 3309 (cf.
1169 3245 1218 3304 55.
1238 3227 1267 3307 5)

134 3339 149 3385 {l
173 3336 370 3411 Apollodorus
394 3337 453 3409 117.
474 3339 512 3392 28
549 3347 709 3399 testantur:
725 3330 747 3419 3)
783 3345 872 3409 atque
907 3335 1023 3392 etiamsi
1056 3353 1100 3403 ea,
1136 3354 1214 3410 quae
1237 3337 1268 3394 hi

134 3443 267 3512 uolemnt,
293 3461 354 3500 non
378 3453 439 3499 tam
463 3444 562 3518 ampla
586 3455 653 3500 sunt
677 3462 766 3518 quam
791 3442 973 3518 Hyginiana,
999 3452 1098 3499 tamen
1116 3443 1267 3501 Diodorus

134 3543 212 3608 liserte
247 3549 321 3607 dicit
357 3568 389 3606 se
423 3549 623 3607 narrationem
659 3549 831 3624 compendii
869 3548 898 3604 in
934 3548 1051 3606 brevius
1086 3550 1268 3608 contraxisse

134 3649 215 3729 1156.
242 3675 275 3715 1:
301 3653 460 3719 Καθόλου
484 3654 519 3718 δὲ
544 3654 599 3718 dio?
625 3654 684 3738 τήν
707 3653 772 3718 auin
794 3653 971 3741 τραγῳδῶν
1006 3665 1177 3739 τερατείαν
1201 3680 1268 3718 ποι·

134 3758 180 3844 ίίίη
200 3788 246 3838 τις
270 3772 326 3826 καὶ
351 3760 505 3846 διάφορος
528 3766 652 3848 ἱστορία
685 3771 758 3847 περὶ
783 3760 933 3845 Μηδείας
965 3756 1172 3843 ἐξενήνεκται
1196 3761 1266 3838 κτλ,·

134 3860 160 3917 [V
175 3873 215 3942 56.
236 3891 250 3927 2
278 3867 363 3932 alto}
387 3864 451 3952 γαρ
474 3865 510 3930 το
536 3869 648 3945 πάσας
672 3864 732 3943 τοὶς
756 3862 937 3950 ἀποφάσεις
953 3872 1020 3934 τοῖν
1035 3878 1109 3954 περὶ
1124 3873 1180 3951 τῆς
1197 3875 1265 3953 Mn·

134 3964 200 4050 litere
231 3974 528 4058 μυθολογησάντων
562 3974 768 4062 ἀναγράφειν
798 3975 855 4040 οὐκ
891 3975 1074 4054 αναγκαῖον
1106 3969 1177 4058 ἅμα
1213 3982 1268 4039 καὶ

134 4079 232 4167 νακρόν
255 4083 341 4148 εἶναι
365 4093 526 4169 κρίνοντες
549 4081 590 4146 τοὶ
614 4077 883 4165 καταλειπόμενα
908 4087 964 4167 τῆς
988 4091 1062 4165 περὶ
1086 4079 1152 4148 τῶν
1167 4082 1267 4169 Ἀργο-

134 4246 422 4269 N-——ss

215 4363 327 4434 ι7110111.
349 4366 489 4429 tragodp.
511 4376 559 4428 371
582 4383 607 4414 n.
632 4378 677 4424 12;
701 4381 726 4429 p.
749 4376 816 4428 3773
840 4382 866 4431 p.
890 4377 940 4430 510
965 4381 991 4430 p.
1013 4367 1063 4427 615
1085 4363 1164 4431 (311).

214 4452 235 4520 2)
255 4456 287 4504 cl.
309 4455 477 4504 Wilamowitz
496 4455 585 4518 lsyllos
604 4472 653 4504 von
672 4455 812 4518 Epidauros
831 4442 857 4519 p.
878 4469 922 4518 49.

215 4542 234 4612 Β)
253 4545 367 4594 Ribbeck
387 4546 403 4596 l.
422 4545 441 4594 l.
462 4561 487 4609 p.
511 4555 587 4609 3253,
601 4545 679 4594 Bethe
698 4552 795 4610 quaest.
815 4545 894 4595 Diod.
915 4562 941 4610 p.
963 4557 997 4594 20
1015 4560 1036 4593 s.

1058 4627 1073 4684 3
