2896 5130
535 280 756 337 ,40-

10 432 12 517 i
50 469 103 529 est,
127 459 220 534 quod
249 459 376 518 Ovidius
401 453 439 540 (v.
466 458 539 536 ⁶49)
564 470 592 516 et
618 460 754 534 Hyginus
778 457 864 533 primi
880 453 906 539 ¹)
930 457 1006 515 inter
1029 467 1117 516 testes
1143 454 1230 514 nobis

49 576 188 625 servatos
214 558 314 647 tria²)
337 565 525 641 potissimum
560 567 640 624 mala
664 565 753 623 fuisse
786 565 915 633 tradunt,
941 564 1050 638 quibus
1082 564 1230 639 cupiditas

48 674 218 732 Atalantae
245 672 433 732 excitaretur.

158 781 268 852 Ratio,
286 797 346 855 qua
370 779 401 837 in
425 780 483 837 hoc
502 780 600 854 eapite
624 780 700 837 duae
725 779 858 837 eiusdem
884 778 1001 836 fabulae
1023 778 1137 835 formae
1161 796 1230 834 con·

49 888 270 964 iungebantur,
296 887 402 945 iterum
434 887 562 944 occurrit
592 887 622 943 in
654 886 754 960 capite
783 901 853 963 135,
878 885 960 959 quod
993 885 1030 942 de
1056 888 1230 942 Laocoonte

51 1006 101 1063 est,
122 996 215 1070 quod
244 994 368 1070 quidem
388 993 569 1051 Schmidtius
594 993 684 1068 praei.
710 1013 739 1067 p.
757 993 843 1049 XXV
868 993 906 1049 ab
931 992 1143 1067 interpolatore
1159 992 1229 1048 Ver·

10 1126 13 1145 ¹
55 1103 114 1178 gilii
138 1112 173 1161 et
199 1099 349 1176 Ovidiid)
382 1100 516 1160 studioso
541 1101 681 1158 infersam
715 1118 779 1157 esse
813 1099 949 1157 credidit.
998 1099 1090 1156 Paulo
1124 1098 1230 1156 rectius

56 1209 211 1267 Robertus
229 1201 254 1286 3)
277 1207 353 1267 vidit
376 1219 465 1283 caput
489 1226 505 1265 e
529 1207 645 1265 duabus
669 1207 802 1281 partibus
826 1206 988 1264 conflatum
1013 1224 1087 1275 esse,
1106 1224 1230 1280 ‹pramm

56 1334 110 1374 una
147 1315 292 1374 fabulam
325 1314 489 1373 secundum
519 1325 670 1372 auctorem
704 1315 854 1388 quendam
880 1314 1030 1371 Graecum
1063 1323 1230 1371 enarratam

55 1423 193 1498 praebet,
232 1421 324 1480 altera
356 1421 449 1495 magis
484 1423 522 1479 ad
546 1421 698 1480 Aeneidos
730 1421 837 1478 libnun
862 1422 890 1478 ΙΙ
924 1421 1153 1478 accommodata
1177 1431 1229 1480 est.

54 1529 187 1588 Roberti
212 1529 388 1600 sententiae,
406 1529 457 1603 qui
481 1529 545 1604 ipse
571 1547 690 1603 quoque
715 1529 792 1585 hanc
817 1529 939 1585 alteram
964 1537 1077 1602 partem
1101 1527 1230 1602 spuriam

53 1654 119 1695 esse
144 1635 276 1707 censuit,
310 1637 481 1694 Foersterus
495 1632 520 1711 4)
553 1635 721 1710 nuperrime
755 1635 939 1710 repugnavit.
989 1634 1051 1706 Qui
1083 1653 1150 1691 cum
1184 1652 1231 1691 me

52 1743 156 1802 iudice
193 1743 403 1818 quaestionem
439 1743 477 1800 ad
509 1744 597 1800 finem
633 1742 798 1808 adduxerit,
824 1761 921 1817 pauca
954 1752 1038 1799 erunt
1069 1741 1229 1798 monenda.

54 1851 109 1909 llle
144 1850 277 1908 offendit
308 1849 339 1907 in
363 1850 460 1908 verbis
484 1857 555 1907 sorte
584 1851 679 1906 ductas
703 1857 736 1906 ut
764 1867 875 1906 sacrum
900 1851 1011 1924 fruerer
1031 1850 1162 1924 [Μένητα
1194 1848 1236 1904 nd

56 1958 132 2015 littus
151 1975 190 2015 ex
208 1958 286 2015 Aen.
306 1958 343 2026 ΙΙ,
364 1976 421 2014 201
442 1957 636 2032 depromptis,
655 1975 723 2013 cum
748 1957 999 2014 constructionem
1017 1957 1231 2031 interrumpam

58 2082 160 2140 neque
178 2073 282 2139 aptam
307 2064 501 2122 rotundamve
519 2082 583 2122 esse
607 2064 714 2121 sinant.
764 2064 824 2122 Sed
841 2063 910 2121 licet
933 2065 1012 2121 hunc
1028 2082 1113 2121 usum
1138 2063 1231 2119 nomi·

58 2171 153 2229 nativi
170 2170 303 2228 absoluti
326 2189 379 2246 per
398 2171 569 2229 anacoluthi
587 2173 710 2244 tigruam
726 2171 815 2246 positi
832 2190 920 2245 supra
945 2190 962 2228 a
979 2171 1110 2245 genuino
1135 2189 1230 2228 exem·

58 2278 134 2354 plari
160 2276 338 2353 Hyginiano
362 2277 640 2346 abiudicaverimus,
665 2288 744 2336 certe
775 2278 805 2334 iu
838 2277 960 2335 dubium
991 2277 1093 2335 vocari
1123 2288 1229 2353 potest,

58 2395 156 2443 utrum
172 2384 268 2442 verba
285 2404 302 2441 a
326 2395 445 2443 nostrae
461 2384 642 2442 recensionis
667 2395 788 2442 auctore
805 2385 983 2460 interpolata
1000 2405 1038 2442 an
1056 2386 1094 2443 ab
1112 2385 1229 2453 eodem,

58 2510 124 2550 cum
150 2501 248 2549 totum
272 2503 361 2567 caput
384 2492 414 2549 in
438 2492 603 2550 breviorem
640 2492 766 2549 sormam
795 2491 950 2566 redigeret,
976 2492 1056 2566 quod
1081 2493 1230 2550 Robertus

58 2617 183 2675 quoque
211 2599 379 2658 concedere
403 2599 527 2669 videtur,
553 2599 666 2657 laxiore
701 2600 830 2674 quodam
866 2600 984 2657 vinculo
1016 2618 1082 2656 cum
1116 2599 1231 2674 reliqua

59 2704 268 2765 enuntiatione
293 2705 454 2764 coniuncta
484 2707 551 2764 sint.
598 2708 769 2764 Formulam
803 2717 955 2781 praeterea
987 2709 1121 2764 occnszonr
1151 2707 1230 2774 datu,

61 2831 152 2888 quam
175 2822 245 2888 post
269 2812 342 2871 illud
365 2814 553 2889 participium
578 2833 595 2871 a
619 2814 836 2889 mythographo
860 2824 1029 2888 usurpatam
1055 2832 1118 2871 esse
1143 2831 1230 2888 posse

61 2918 143 2979 idem
167 2919 214 2977 vir
236 2919 342 2977 doctus
366 2931 465 2996 negat,
490 2922 602 2978 nullam
635 2921 780 2995 praebere
803 2921 1018 2991 difficultatem,
1044 2921 1135 2977 immo
1160 2939 1229 2978 vero

62 3027 248 3103 aptissimam
284 3045 348 3085 esse
377 3029 549 3086 Foersterus
583 3028 697 3085 monuit
755 3028 816 3085 Sed
847 3037 910 3084 utut
943 3039 995 3093 est,
1030 3027 1228 3085 firmissimum

61 3144 102 3193 est
117 3132 159 3192 de
184 3134 263 3191 exitu
279 3135 399 3192 fabulae
422 3133 574 3202 iudicium,
593 3152 681 3208 quem
706 3153 842 3191 curcum
866 3134 999 3192 Roberto
1017 3134 1226 3207 interpolatum

62 3251 89 3299 et
112 3241 281 3315 eVergilio
305 3260 358 3317 pro
375 3241 472 3300 verbis
496 3240 633 3315 genuinis
657 3242 769 3299 illatum
794 3260 858 3299 esse
876 3259 1084 3315 agnoscamus,
1103 3241 1226 3297 omnino

62 3366 123 3407 non
157 3358 212 3406 est.
260 3347 362 3421 Quid?
397 3348 477 3424 quod
513 3348 577 3423 ipse
608 3349 758 3406 Robertus
773 3342 795 3425 ⁵)
826 3348 965 3406 concedit
996 3348 1229 3423 discrepantiam

67 3542 384 3551 -—-—------——-—-

171 3645 190 3712 1)
211 3648 292 3697 schol.
313 3649 421 3697 Theocr.
442 3649 475 3715 ΙΙ,
497 3661 553 3705 120,
586 3647 653 3713 quod
672 3648 795 3696 Philetam
824 3648 882 3715 (frg.
908 3659 937 3712 15
958 3646 1035 3716 Bach)
1064 3648 1157 3714 laudat,
1179 3664 1228 3696 cer·

65 3742 113 3785 tum
129 3753 258 3786 numerum
278 3754 328 3785 nou
344 3744 536 3793 commemorat;
556 3737 588 3785 cs.
604 3737 712 3785 Theocr.
734 3738 779 3796 ΙΙΙ,
793 3751 824 3796 41
841 3737 907 3802 (cum
922 3736 1024 3805 sehoi.),
1040 3737 1133 3786 Catuli.
1149 3751 1172 3796 2,
1190 3750 1228 3788 12.

170 3821 191 3890 ²)
211 3827 243 3875 de
262 3826 313 3875 hoc
332 3843 434 3875 numero
454 3827 554 3890 magico
574 3827 606 3874 ef.
627 3826 698 3875 Kehr
717 3827 748 3874 de
777 3836 913 3890 poetarum,
947 3827 990 3890 qui
1018 3834 1074 3874 sunt
1102 3828 1127 3874 in
1149 3827 1227 3875 nuth.

68 3915 134 3972 Pal,
157 3916 224 3964 stud.
245 3917 353 3965 Theocr.
375 3933 401 3979 p.
423 3925 455 3978 25
476 3932 502 3963 n.
524 3916 553 3973 6;
577 3916 643 3964 idem
664 3924 760 3979 quaest.
781 3916 871 3979 magio.
891 3931 958 3979 spec.
974 3932 1000 3979 p.
1025 3925 1064 3979 15.

170 4002 192 4071 8)
210 4005 263 4053 bild
283 4007 333 4053 und
352 4005 403 4052 lied
422 4021 447 4068 p.
472 4017 520 4064 104
540 4020 609 4068 sqq.:
642 4021 691 4067 quo
710 4005 766 4053 loco
785 4021 824 4061 ea,
856 4019 921 4068 quae
951 4011 1052 4068 poetam
1080 4005 1228 4072 respiciunt,

66 4093 204 4143 Schmidtio
222 4103 356 4157 praeeunte
375 4094 467 4142 collata
486 4101 550 4142 sunt.

171 4179 192 4248 ⁴)
209 4183 235 4231 in
255 4183 316 4234 actis
336 4183 521 4248 philologorum
539 4191 675 4232 conventus
695 4183 857 4231 Gorlieensis.

170 4269 192 4340 Ι5)
214 4272 283 4320 Dicit
302 4272 333 4320 de
352 4273 523 4322 enuntiatione
542 4289 571 4320 ex
591 4273 656 4322 Aen.
676 4273 713 4339 II,
731 4273 781 4321 216
801 4273 956 4335 deprompta,
986 4289 1048 4336 quae
1077 4280 1172 4336 partem
1191 4288 1230 4337 ge·

65 4360 167 4412 nninam
188 4361 332 4410 aRobertn
352 4369 470 4411 statutam
489 4362 612 4426 sequitur:
645 4362 766 4427 quibus
785 4362 946 4411 Laocoon
965 4377 1034 4411 cum
1063 4362 1231 4411 auxilium

68 4450 285 4521 errevellet,
306 4451 575 4517 ipsumquoque
605 4468 727 4501 nexum
757 4452 1008 4502 necaveruntl.
1029 4450 1047 4501 l.
1068 4468 1094 4515 p.
1119 4452 1181 4516 196:
1204 4467 1231 4503 es
