2896 5130
545 365 765 430 -n—·

57 560 147 611 totam
172 571 217 612 ex
244 553 351 614 Ovidii
374 552 452 612 libro
485 554 694 629 depromptam
718 571 791 611 esse.
840 551 931 612 Cuius
962 553 1110 613 sententia
1139 556 1238 630 neque
1311 538 1317 550 ⁶

56 658 85 718 in
106 660 269 736 reliquam
301 661 510 737 mythographi
535 659 782 718 consuetudinem
806 660 934 734 quadrat
957 678 1054 735 neque
1078 662 1136 720 hoc
1167 661 1237 720 loco

54 768 234 828 necessarie
266 769 437 844 postulatur.
486 768 569 826 Idem
593 767 673 825 enim
706 767 749 824 vir
773 767 879 824 doctus
902 777 982 826 recte
1014 779 1116 827 monet
1138 787 1237 827 narra·

55 874 170 934 tionem
197 885 335 934 nostram
352 874 562 934 Alexandrinis
586 874 720 950 ignotam
744 892 805 931 non
829 874 928 944 fuisse,
947 875 1058 950 quippe
1083 894 1173 950 quam
1198 876 1236 934 ab

55 982 179 1057 Hedyle
204 992 367 1041 tractatam
398 1000 462 1041 esse
484 982 656 1040 Athenaeus
680 983 739 1038 Vll
767 997 824 1056 ²97
853 981 872 1038 b
903 992 1034 1042 testetur.
1081 985 1236 1043 Praeterea

57 1108 113 1149 non
136 1089 250 1160 video,
276 1090 431 1165 quomodo
455 1108 535 1148 error
567 1088 728 1164 scriptoris,
754 1089 834 1164 apud
858 1107 948 1163 quem
972 1090 1104 1149 Crataeis
1128 1110 1236 1167 parens

57 1196 177 1272 Scyllae
195 1196 370 1272 appellatur
393 1195 512 1266 flumen,
531 1214 566 1254 ex
591 1195 760 1253 narratione
777 1194 929 1254 Ovidiana
952 1207 1032 1255 ortus
1050 1215 1114 1256 esse
1130 1198 1234 1274 possit.

161 1303 295 1381 Optime
318 1321 389 1362 vero
409 1303 449 1374 id,
468 1303 550 1380 quod
566 1322 622 1361 nos
638 1302 792 1360 statuimus
811 1313 1017 1377 argumentum
1034 1304 1235 1380 hypotheseos

57 1410 198 1471 Graecae
210 1412 316 1470 colore
328 1410 449 1487 poetico
463 1420 635 1468 exornatum
648 1427 722 1478 esse,
732 1408 857 1467 illustrat
869 1409 973 1468 sabula
988 1413 1044 1486 185
1060 1423 1235 1488 comparata

56 1536 120 1579 cum
132 1517 235 1577 Ovid.
250 1528 321 1577 met.
338 1518 377 1587 X,
382 1519 564 1592 560-704.
591 1518 697 1573 Parum
713 1526 792 1574 recte
807 1516 956 1591 Hauptius
983 1517 1063 1578 adh.
1078 1519 1096 1576 l.
1112 1530 1233 1595 poetam

56 1626 259 1703 praecipuum
272 1624 388 1700 Hygini
405 1633 555 1682 auctorem
576 1641 640 1682 esse
653 1623 777 1681 censuit.
803 1624 909 1698 Neque
923 1624 1002 1682 enim
1015 1635 1082 1683 sunt
1094 1644 1191 1702 pauca
1202 1628 1233 1685 in

56 1732 223 1793 Atalantae
238 1733 351 1803 fabula,
366 1749 453 1807 quae,
467 1750 535 1788 cum
552 1731 591 1788 ab
608 1730 719 1789 Ovidio
737 1731 927 1800 abhorreant,
944 1750 1085 1806 magnam
1101 1732 1233 1793 similitu-

47 1840 156 1900 ·dinem
171 1858 246 1898 cum
258 1838 438 1916 Apollodori
451 1838 524 1898 bibl.
539 1840 584 1897 111
597 1858 647 1914 9·²
662 1837 834 1913 praebeant.
852 1837 1030 1914 Apollodori
1044 1850 1142 1900 autem
1154 1843 1233 1901 testi·

56 1948 193 2007 monium
217 1948 280 2005 hoc
301 1946 371 2004 loco
395 1945 538 2005 adhibere
555 1945 640 2005 licet:
659 1964 728 2002 nam
748 1962 929 2020 quamquam
949 1964 1011 2004 non
1031 1947 1070 2005 de
1091 1949 1234 2009 Atalanta

59 2054 212 2114 Schoenei
226 2053 300 2120 filia,
314 2053 368 2111 sed
385 2053 424 2111 de
439 2052 499 2110 Iasi
516 2052 576 2110 tilia
593 2052 675 2121 dicit,
690 2061 845 2127 utramque
862 2063 962 2110 tamen
975 2054 1014 2112 ab
1027 2072 1063 2113 eo
1076 2055 1232 2115 confusam

60 2179 119 2221 esse
132 2181 173 2221 ac
190 2160 399 2220 narrationem
422 2161 460 2219 ad
474 2160 643 2217 Atalantam
657 2159 830 2217 Boeoticam
849 2158 997 2234 pertinere
1015 2171 1083 2236 post
1098 2162 1232 2223 Welcke-

58 2265 150 2349 rum¹)
176 2278 307 2328 constat.
331 2269 396 2326 Iam
414 2267 540 2327 Ovidius
556 2267 724 2324 Hesiodum
737 2260 761 2344 ²)
785 2277 901 2325 secutus
925 2268 1096 2326 Atalantam
1120 2269 1231 2329 nudam

58 2394 139 2436 cursu
156 2385 293 2436 certasse
316 2375 421 2436 tradit:
446 2375 525 2450 apud
542 2375 695 2449 Hyginum
714 2392 748 2432 ea
764 2392 888 2448 procum
905 2374 1067 2449 fugientem
1084 2394 1153 2434 cum
1169 2379 1229 2437 telo

57 2482 239 2561 insequitur3
263 2483 302 2543 cf.
327 2482 508 2558 Apollodori
531 2482 643 2540 verba:
683 2477 837 2566 ἐτρόχαζε
874 2480 1135 2568 καθωπλισμένη
1173 2492 1229 2548 καὶ

58 2591 307 2676 καταληφθέντι
330 2592 393 2672 μὲν
417 2587 508 2676 αὐτῷ
524 2587 673 2664 θάνατος
698 2587 860 2669 ὠφείλετο.
876 2583 901 2669 ³)
933 2589 1058 2648 Ovidius
1075 2600 1228 2666 praeterea

60 2698 282 2777 Hippomenen
306 2707 336 2756 et
358 2698 530 2755 Atalantam
555 2696 585 2753 in
608 2697 720 2772 templo
738 2696 842 2754 Matris
859 2698 958 2754 Deum
981 2696 1012 2754 in
1036 2697 1140 2758 leones
1163 2718 1222 2757 con

57 2824 155 2866 versos
179 2823 248 2865 esse
270 2815 380 2878 narrat,
397 2805 535 2881 Hyginus
558 2804 718 2879 intemplo
742 2804 821 2862 Iovis
838 2805 976 2882 victoris3
1000 2806 1134 2880 Apollod
1149 2808 1169 2865 l.
1187 2808 1227 2870 l.:

59 2910 193 2994 λέγεται.
215 2958 243 2973 ..
270 2909 387 2988 utitatis
402 2911 564 2975 elucidata
580 2914 624 2986 εἰς
648 2909 684 2974 τό
702 2917 834 2992 τέμενος
858 2909 934 2982 Arde
950 2910 1045 2976 κάκεῖ
1058 2907 1229 2977 συνουσιά-

60 3019 173 3097 ζοντας
206 3023 251 3095 εἰς
275 3018 409 3094 λέοντας
433 3013 671 3103 ultumam)
715 3019 806 3078 Addo
831 3037 960 3078 errorem
985 3014 1136 3103 Ovidii,⁵)
1160 3022 1221 3097 qui,

59 3148 121 3189 curn
137 3129 317 3187 Atalantam
341 3127 371 3184 in
395 3127 475 3185 silvis
500 3138 648 3185 versatam
672 3145 736 3185 esse
759 3127 841 3198 dicit,
865 3146 931 3185 eam
955 3145 1022 3185 cum
1046 3129 1139 3186 altera
1153 3130 1224 3186 Ata·

59 3236 135 3296 lanta
159 3234 328 3305 confundit,
352 3235 392 3293 ab
416 3234 538 3311 Hygino
563 3234 674 3294 evitari.
723 3234 783 3292 Sed
807 3252 988 3310 quamquam
1013 3234 1139 3294 dubium
1162 3255 1225 3294 non

60 3355 107 3416 ert,
131 3343 209 3421 quin
232 3342 334 3401 sabula
357 3361 373 3401 e
396 3344 478 3402 fonte
503 3343 621 3401 Graeco
645 3342 750 3400 hausta
774 3342 819 3412 sit,
845 3352 944 3400 tamen
967 3342 1130 3401 narrationi
1155 3342 1224 3401 ilos·

60 3453 173 3512 culose
196 3459 289 3527 poeta
312 3449 420 3525 petitos
444 3450 604 3508 immisceri
627 3450 801 3508 iamdudum
825 3469 843 3508 a
866 3448 934 3508 viris
950 3450 1047 3508 doctis
1064 3450 1216 3525 cognitum

162 3730 185 3801 ¹)
203 3749 241 3798 gr.
262 3740 325 3796 trag.
346 3747 373 3796 p.
397 3745 475 3794 1219;
499 3732 531 3780 cf.
553 3732 714 3781 Immerwahr
732 3732 764 3780 de
783 3732 902 3782 Atalanta
920 3748 945 3796 p.
966 3745 993 3795 3.
1014 3744 1056 3801 24,
1078 3732 1147 3795 quod
1161 3730 1223 3780 Rib-

60 3821 157 3873 tatius
175 3838 255 3872 roem.
278 3823 391 3886 tragoed,
411 3838 438 3885 p.
461 3834 511 3884 314
531 3822 650 3886 neglegit.

161 3908 235 3980 ἢεί.
254 3911 348 3960 Robert
366 3913 456 3961 Herm.
478 3913 560 3970 XXII,
583 3928 609 3975 p.
629 3920 680 3975 445
701 3927 755 3976 sqq.

161 3998 185 4070 ⁸)
206 4001 240 4050 ci.
260 4000 386 4064 mythogr.
406 4001 464 4050 Vat.
486 4002 498 4050 I
517 4014 560 4065 39.
599 4001 669 4050 Errat
688 4002 761 4064 igitur
779 4000 902 4050 Robertus
919 4001 937 4053 l.
956 4001 973 4052 l.
992 4017 1017 4064 p.
1037 4009 1097 4064 452,
1117 4000 1158 4065 qui
1172 4000 1223 4049 hoc

61 4090 198 4142 certaminis
217 4106 295 4156 genus
314 4105 328 4138 e
347 4091 446 4153 Pelopis
465 4090 550 4140 fabula
569 4089 625 4157 (84)
644 4091 692 4139 huc
711 4091 857 4138 translatum
876 4106 929 4139 esse
948 4097 1028 4153 putat.

161 4176 185 4243 ⁴)
202 4181 291 4245 ltaque
310 4180 420 4229 Roberto
438 4181 457 4228 l.
472 4180 491 4228 l.
507 4197 533 4244 p.
551 4189 602 4243 452
622 4181 758 4230 concedere
773 4196 825 4229 non
840 4195 940 4243 possum
954 4179 1221 4229 commemorationem

61 4268 123 4320 lotis
141 4269 338 4334 interpolatione
363 4270 388 4317 in
413 4270 564 4333 hypothesin
592 4270 728 4333 irrepsisse:
752 4271 829 4318 immo
858 4269 929 4318 huius
954 4269 995 4317 dei
1023 4268 1116 4318 mentio
1142 4269 1220 4317 multo

59 4361 134 4427 magis
151 4361 181 4410 in
207 4359 308 4409 fabulae
333 4359 441 4407 formam
460 4359 614 4407 Hesiodeam
643 4359 757 4427 quadrat,
778 4375 852 4423 quam
871 4359 958 4407 Matris
977 4356 1060 4407 Deuni
1080 4357 1220 4407 Ovidianae

58 4448 160 4517 (Robert
180 4449 199 4499 1.
220 4449 239 4497 l.
259 4464 286 4513 p.
308 4446 385 4514 451);
409 4448 441 4497 cs.
462 4449 622 4498 Immerwahr
641 4449 672 4496 de
692 4449 812 4497 Atalanta
830 4464 857 4511 p.
881 4457 904 4511 5.

161 4534 185 4607 ⁵)
202 4536 367 4588 Immerwahr
384 4554 411 4602 p.
434 4547 447 4602 5
467 4555 493 4587 n.
518 4552 539 4588 1.
