2896 5130
597 283 854 346 ...2⁶-

161 483 243 562 quod
258 503 319 543 non
333 481 481 552 miramur,
499 501 567 540 curn
584 481 614 540 in
633 481 798 542 occidentis
815 483 986 559 regionibus
1004 485 1137 545 carmina
1152 483 1307 545 Latinorur

160 593 216 652 soli
239 593 299 651 lere
323 591 521 667 posteriorum
553 591 650 649 fontes
684 592 879 667 mythologici
910 593 1028 663 fuerint,
1058 594 1171 670 quippe
1202 613 1307 669 quoru]

160 710 256 761 aetate
287 699 413 757 scientia
446 699 607 756 litterarum
633 701 817 757 Graecarum
841 700 985 775 paulatim
1019 712 1219 760 evanesceret.
1268 704 1307 759 Se

160 805 348 875 recentiores
367 825 433 863 cum
458 806 595 880 exempla
612 806 758 863 eiusmodi
776 818 854 865 reete
879 828 895 865 a
920 808 1085 866 sabulamm
1103 819 1224 866 auctore
1248 809 1307 866 abi

159 916 302 982 dicarent,
322 913 444 970 omnino
470 914 718 989 mythogrnphum
743 926 847 988 poetas
861 915 964 990 populi
990 916 1033 972 sui
1051 917 1216 991 respexisse
1241 936 1302 991 neg

158 1032 270 1082 verunt.
319 1019 432 1077 Primus
465 1022 541 1078 hanc
566 1020 642 1078 viam
669 1021 952 1079 Schneiderus
967 1018 990 1098 ¹)
1014 1022 1164 1098 ingressus
1189 1033 1248 1092 est,
1267 1043 1307 1097 qr

159 1150 226 1190 cunr
251 1127 349 1204 capita
376 1145 546 1201 273-277
583 1146 600 1186 e
634 1128 813 1186 Callimachi
844 1128 928 1186 aetiis
961 1129 1080 1188 fluxisse
1112 1140 1256 1199 censeret,
1281 1150 1307 1187 e

159 1256 235 1314 quae
259 1235 396 1311 opinioni
421 1236 512 1310 ipsius
547 1237 665 1293 obstare
697 1237 885 1305 videbantur,
920 1255 936 1294 e
966 1247 1045 1294 textu
1079 1238 1175 1296 eiecit.
1224 1240 1307 1311 Imp

158 1364 224 1404 curn
248 1344 340 1401 multa
364 1355 425 1400 tum
450 1352 581 1401 extrema
605 1343 710 1417 capitis
739 1362 797 1419 273
825 1345 925 1414 verba,
951 1363 1027 1420 quae
1059 1345 1098 1402 ad
1122 1345 1247 1420 Vergilii
1270 1347 1307 1400 X

159 1451 265 1510 neidos
288 1449 396 1506 librum
421 1452 448 1505 V
483 1450 616 1522 redeunt,
649 1451 750 1525 spuria
781 1471 846 1509 esse
881 1452 1039 1511 arbitratus
1072 1462 1124 1522 est,
1158 1451 1239 1526 quod
1266 1471 1307 1507 n«

157 1556 314 1636 probabile
337 1565 414 1614 esset
448 1556 603 1631 Hyginum
637 1557 896 1616 bibliothecarium
921 1560 1048 1634 Augusti
1080 1559 1173 1617 verba
1203 1558 1307 1633 Vergi

156 1668 217 1726 lere
235 1663 369 1723 servilem
395 1663 424 1719 in
449 1663 572 1721 modurn
591 1665 620 1720 in
639 1683 722 1722 usum
740 1684 824 1723 suum
842 1666 973 1724 vertisse.
1022 1666 1197 1724 Schneideri
1212 1676 1307 1723 sente

157 1773 228 1831 tiam
258 1770 282 1826 si
315 1770 442 1827 refutare
476 1771 593 1840 vellem,
628 1782 696 1830 acta
730 1791 858 1848 agerem.
906 1773 983 1831 Satis
1017 1784 1061 1832 est
1092 1792 1307 1831 commemora

156 1880 251 1956 ipsum
269 1877 362 1934 virum
382 1877 504 1934 doctum
522 1879 706 1937 concessisse
721 1873 748 1961 2)
773 1891 988 1956 argumentum,
1003 1882 1086 1955 quod
1104 1881 1142 1938 de
1158 1879 1295 1937 narratio

156 1987 239 2045 illae
264 1984 398 2059 Vergilio
416 1984 523 2042 hausta
547 1987 719 2060 protulerat,
737 1987 845 2044 nullius
869 2006 934 2045 esse
951 1989 1104 2045 momenti.
1153 1988 1222 2044 Alia
1239 2004 1307 2043 cara

157 2091 422 2152 Schmidtius
446 2093 539 2166 praes.
565 2112 594 2167 p.
620 2095 707 2150 XXX
731 2113 754 2151 s.
780 2112 848 2151 usus
883 2105 935 2165 est,
962 2104 992 2151 ut
1016 2095 1153 2169 plurima,
1178 2112 1256 2168 qrrae
1303 2133 1307 2144 ⁴

155 2198 279 2274 Vergilii
296 2209 324 2255 et
341 2198 442 2256 Ovidii
460 2199 594 2257 carmina
606 2201 740 2268 redeunt,
756 2201 935 2276 interpolata
953 2220 1016 2259 esse
1030 2197 1181 2276 probaret.
1211 2200 1307 2273 Mytlr

156 2306 301 2384 graphum
326 2305 416 2373 enirn,
442 2325 509 2363 cum
533 2316 627 2364 totum
658 2327 693 2365 ex
718 2308 843 2365 Graecis
874 2309 1010 2383 pendere
1035 2320 1115 2367 recte
1140 2309 1307 2381 intellege!

155 2413 279 2472 omnino
297 2412 405 2470 Latina
423 2413 618 2473 admiscuisse
634 2415 695 2473 veri
712 2415 856 2473 dissimile
873 2435 937 2474 esse
954 2416 1085 2476 censuit:
1112 2416 1195 2473 cuius
1212 2425 1307 2472 sente

154 2514 226 2578 tiam
271 2520 322 2577 alii
360 2521 454 2578 secuti
496 2532 583 2592 sunt,
623 2524 702 2580 velut
743 2523 950 2581 Robertns
992 2521 1307 2581 Wilamowitziu

155 2621 371 2711 Bethins.³)
420 2628 479 2685 Sed
512 2647 557 2686 res
581 2647 599 2687 a
622 2629 723 2704 priori,
748 2640 778 2686 ut
809 2629 900 2694 aiunt,
926 2629 1083 2687 diiudicari
1114 2649 1175 2687 non
1208 2640 1306 2704 potes

156 2755 208 2793 cur
235 2735 359 2810 Hygino
384 2734 503 2793 licuisse
537 2736 724 2811 negabimus
738 2731 763 2813 ⁴)
796 2736 931 2810 quamuis
957 2738 1090 2794 Graecos
1122 2747 1250 2794 sectatus
1280 2755 1303 2790 5

155 2844 186 2902 in
209 2843 286 2900 libro
311 2843 481 2900 scholarum
506 2843 570 2900 usui
594 2843 743 2902 destinato
768 2862 812 2901 res
842 2862 877 2901 ex
902 2844 935 2902 iis
970 2843 1061 2913 libris,
1088 2844 1139 2919 qui
1163 2844 1192 2901 in
1217 2839 1307 2902 schol

157 3037 478 3047 ...—---—----—--..

264 3158 284 3227 ¹)
303 3161 379 3224 proll.
401 3161 427 3208 in
447 3159 512 3209 Call.
535 3162 629 3212 αἰτίων
648 3161 714 3226 srgg.
735 3178 760 3226 p.
783 3162 854 3210 6:
874 3161 1023 3213 Callimach.
1044 3163 1068 3210 II
1081 3180 1105 3226 p.
1128 3173 1176 3226 5ο;
1200 3163 1233 3212 cf.
1249 3163 1307 3211 Ber1

153 3253 233 3316 hardy
251 3252 310 3300 hist.
332 3250 379 3304 litt.
400 3250 476 3298 Rom.
498 3267 524 3313 p.
548 3252 607 3312 267.

263 3356 282 3419 ²)
306 3359 457 3408 CaIIImach.
478 3359 503 3406 II
522 3376 549 3422 p.
573 3370 604 3422 52
625 3377 651 3408 n.

261 3465 283 3532 ³)
301 3466 529 3516 RobertEratosth.
544 3475 592 3516 cat.
607 3485 633 3531 p.
655 3478 684 3530 15
699 3486 725 3517 n.
742 3482 783 3522 22,
806 3484 832 3532 p.
849 3482 915 3531 233;
935 3469 1023 3516 Herm.
1038 3467 1135 3536 xviri,
1149 3485 1174 3531 p.
1188 3470 1239 3533 436
1252 3487 1277 3517 n.
1295 3476 1304 3512 1

154 3558 208 3608 bild
226 3557 278 3605 und
297 3557 348 3604 lied
367 3573 393 3620 p.
419 3568 481 3620 195:
504 3574 530 3606 es
560 3559 698 3606 vernulasst
727 3557 792 3605 mich
823 3558 863 3605 die
893 3557 1020 3606 vielleicht
1048 3574 1094 3605 nur
1121 3559 1303 3624 subjektiv

154 3650 340 3711 iiberzeugung,
365 3646 423 3694 dass
442 3647 466 3695 in
487 3648 546 3696 dem
565 3647 769 3711 urspriinglichen
793 3647 867 3694 Werk
888 3648 933 3694 des
953 3648 1040 3710 llygin
1066 3647 1111 3695 aul
1136 3648 1176 3696 die
1204 3642 1307 3695 romiscl

152 3737 274 3784 litterator
286 3737 426 3799 iiberhaupt
445 3737 475 3785 Ia
485 3746 513 3785 st
532 3737 608 3786 keine
622 3737 753 3786 riicksicht
767 3753 920 3800 genommen
936 3737 1014 3784 ward.
1054 3737 1223 3786 Wilamowitz
1237 3733 1307 3799 lsytu

154 3843 204 3874 von
224 3824 361 3888 Epidauros
382 3825 459 3890 (phil.
480 3834 572 3875 unters.
594 3826 641 3893 IX)
668 3843 694 3890 p.
715 3839 765 3888 49:
788 3827 849 3874 alles
867 3827 991 3874 riimische
1022 3826 1053 3874 ist
1081 3827 1260 3890 interpolation
1293 3822 1307 3868 it

153 3915 260 3978 Hygin:
293 3930 343 3962 wer
361 3916 407 3964 das
427 3916 497 3965 nicht
517 3917 598 3975 weiss,
622 3918 664 3965 hat
682 3916 725 3964 ihn
748 3916 854 3965 niemals
885 3916 930 3963 mit
958 3916 1070 3964 bedaeht
1098 3917 1208 3980 gelesen.
1248 3910 1307 3964 Betl

154 4014 250 4069 quaest,
289 4004 368 4054 Diod.
389 4022 415 4068 p.
437 4006 480 4068 98.

262 4111 283 4178 ι)
304 4114 337 4162 cl.
359 4113 503 4163 Bursian
532 4115 679 4165 Fleckeisen
708 4132 768 4163 ann.
800 4115 863 4178 phil.
893 4113 987 4176 XCIII,
1007 4130 1033 4176 p.
1057 4114 1120 4174 782:
1153 4114 1203 4163 den
1231 4114 1306 4163 sehlu

153 4204 213 4269 (von
234 4204 251 4252 I.
279 4202 341 4271 273)
361 4205 398 4252 als
417 4220 499 4253 zusatz
518 4206 587 4254 eines
612 4205 786 4268 interpolators
805 4221 834 4252 zu
862 4203 1008 4252 betrachten
1038 4203 1094 4251 sind
1124 4204 1168 4251 wir
1195 4204 1263 4253 nicht
1282 4203 1304 4248 b

155 4293 270 4357 rechtigt,
294 4294 328 4342 da
347 4294 388 4342 die
407 4294 576 4343 ausliihrliche
596 4295 753 4358 schilderung
792 4295 835 4343 der
853 4311 902 4343 von
917 4295 1018 4341 Aeneas
1036 4293 1227 4342 vernnstalteten
1247 4292 1307 4357 spie

154 4383 218 4430 nach
240 4383 364 4448 Vergilius
383 4384 409 4431 in
429 4384 498 4432 einer
512 4401 562 4433 von
581 4385 676 4449 anIang
696 4401 728 4432 an
750 4400 805 4432 zum
825 4383 951 4447 gebrauch
965 4382 1032 4431 beim
1045 4383 1179 4432 unterricht
1192 4379 1307 4433 rumisch

153 4474 255 4524 knaben
275 4474 438 4523 bestimmten
459 4474 601 4538 sammlung
619 4491 684 4539 ganz
705 4490 746 4524 am
764 4473 846 4538 platze
865 4473 906 4524 ist.
