2896 5130
630 304 852 385 ..33-

155 501 194 560 cf.
220 518 250 576 p.
280 496 385 578 12.a3)
410 498 449 558 ad
471 499 572 558 locum
595 497 747 575 poeticum
771 497 860 557 nobis
883 516 946 558 non
970 507 1120 557 servatum
1143 497 1250 556 redire:
1275 497 1300 555 cf

154 605 379 683 inscriptionem
402 605 591 684 parietariam
614 605 830 682 Pompeianam
854 606 930 664 CIL.
956 607 999 664 IV
1026 625 1111 678 2440
1127 599 1151 689 ¹)

260 733 296 790 In
320 732 421 791 sabula
448 750 506 788 τοι
534 730 625 790 verba
649 731 688 789 de
717 730 882 790 calliditate
904 730 1045 806 Autolyci
1067 739 1138 788 sunt
1161 723 1293 812 (myro)

155 846 188 896 ut
208 839 349 915 quitquid
366 839 555 914 sum'puisset,
571 839 602 895 in
624 855 818 913 quamcunque
832 837 952 913 effigiem
974 837 1061 907 vellet,
1078 844 1300 899 transmutaretur

154 965 191 1004 ex
214 946 277 1005 albo
299 947 330 1003 in
353 947 466 1020 mgmm
488 945 588 1002 velex
610 945 692 1018 mgro
714 946 744 1001 in
776 944 872 1002 album
895 955 951 1004 etc.
998 944 1102 1019 Quam
1132 944 1300 1004 calliditaten

155 1052 280 1112 Graecis
304 1053 335 1110 in
366 1051 525 1128 proverbio
540 1045 562 1129 ²)
587 1051 677 1110 luisse
710 1052 822 1111 docent
839 1050 984 1111 'Hesiodi
1018 1053 1072 1128 trg.
1110 1071 1168 1128 131
1195 1052 1294 1110 Kinlrel

262 1152 333 1224 tm
355 1183 391 1223 κε
414 1165 504 1246 χερσὶ
527 1156 695 1235 λάβεσκον,
721 1147 854 1222 districta
878 1156 993 1223 πάντα
1016 1163 1181 1224 troarnen.

155 1269 194 1327 cs.
213 1269 305 1327 Hom.
330 1292 350 1331 τ
373 1283 447 1344 395,
477 1266 640 1342 Pherecyd.
662 1267 695 1327 fr.
722 1269 781 1341 63:
805 1265 871 1348 εἶχε
893 1261 956 1352 γολρ
979 1263 1101 1349 ταύτην
1123 1265 1185 1350 τήν
1211 1274 1300 1350 τέχνηῑ

156 1370 253 1463 παρολ
277 1379 337 1441 τοῦ
359 1371 493 1462 πατρδς,
519 1366 602 1438 ὥστε
624 1366 697 1451 τούς
721 1369 928 1455 ἀνθρώπους,
954 1369 1010 1439 ὅτε
1032 1373 1168 1439 κλέπτοι
1191 1399 1231 1450 τι,
1248 1374 1300 1437 λον

155 1480 279 1547 &dvctv
301 1489 358 1546 nal
380 1480 423 1545 voi
447 1486 629 1569 θρέμματα
658 1477 715 1567 τῆς
748 1481 837 1557 λείοις
861 1477 1013 1547 α’λλοιοῧν
1036 1480 1069 1559 ἒς
1093 1479 1113 1546 δ’
1136 1481 1232 1546 θέλοι
1252 1506 1300 1568 μορ

156 1594 240 1675 φῆς·
264 1592 361 1666 Etynr.
387 1608 485 1667 magn.
511 1609 540 1666 p.
569 1605 681 1667 ²¹·253
705 1585 840 1652 ἔκλεπτε
861 1586 937 1664 τούς
971 1589 1092 1664 ἵππους
1123 1593 1181 1652 καὶ
1203 1586 1300 1652 οἷλλοιο

155 1703 271 1781 φονεῖς
287 1692 384 1773 αὐτος
408 1691 578 1760 α’πετέλει·
595 1689 772 1781 ἐνήλλασσε
788 1693 826 1759 δὲ
847 1692 906 1771 τοὶς
922 1692 1033 1783 χροιᾶς
1056 1683 1170 1762 οὔτῶν
1182 1689 1235 1778 (cf.
1251 1697 1300 1755 Kir

154 1805 225 1865 kelii
245 1813 349 1863 notam
365 1803 404 1863 ad
421 1804 475 1880 srg.
494 1796 645 1888 Hesiodi).
678 1803 738 1862 Sed
757 1822 939 1879 quamquam
955 1803 1148 1880 proverbium
1165 1824 1183 1864 a
1200 1805 1300 1864 Graeci

155 1921 312 1989 acceptum
335 1929 401 1970 esse
423 1921 557 1987 apparet,
574 1920 675 1969 tamen
698 1911 763 1970 sine
786 1910 879 1970 dubio
903 1910 1017 1987 Hygini
1040 1911 1154 1983 animo,
1173 1931 1242 1971 cum
1262 1930 1300 1971 ver

154 2018 257 2077 bosius
282 2027 453 2095 exponeret,
479 2036 538 2093 qua
561 2017 677 2077 ratione
700 2018 865 2094 Autolycus
888 2018 990 2094 pecori
1013 2018 1104 2077 aliam
1128 2019 1258 2096 speciem
1278 2019 1300 2076 in

157 2126 279 2202 duisset,
304 2144 405 2185 versus
429 2125 579 2185 obversati
601 2135 669 2183 sunt
693 2125 836 2185 Ovidiani
859 2135 929 2185 met.
953 2127 1006 2197 XI,
1033 2146 1095 2203 313
1120 2146 1189 2203 sqq.

261 2236 387 2292 nascitur
408 2234 557 2309 Autolycus
570 2233 689 2308 fitrtrrm
711 2235 868 2308 ingenuos
890 2234 933 2291 ad
951 2254 1039 2305 omne,

263 2342 383 2399 candido
406 2342 439 2399 de
460 2342 550 2416 nigris
572 2347 599 2398 ct
619 2341 651 2398 dc
673 2341 850 2399 comitatibus
871 2348 938 2399 atra

261 2450 314 2525 qui
325 2448 424 2524 facere
446 2448 589 2507 adsuerat.
604 2440 631 2529 ³)

261 2573 421 2633 Bursianus
438 2583 467 2633 et
482 2573 662 2633 Schmidtius
676 2566 705 2657 ⁴)
727 2582 822 2633 totum
838 2583 928 2649 caput
946 2573 1043 2633 eicere
1058 2575 1224 2646 voluerunt,
1241 2592 1300 2650 quot

155 2682 183 2742 ei
207 2682 284 2742 inter
307 2682 446 2758 exempla
467 2681 761 2741 transtorrnationum
784 2682 868 2740 locus
891 2699 954 2740 non
977 2691 1064 2753 esset,
1094 2693 1185 2759 atque
1208 2692 1300 2742 antece

159 2789 243 2850 denti
275 2789 403 2860 fabulae,
435 2807 513 2864 quae
537 2798 581 2848 est
612 2789 651 2848 de
675 2789 802 2860 Chione,
835 2798 957 2866 propter
988 2791 1169 2867 Autolycum
1192 2791 1300 2850 Chione:

156 2897 250 2956 filium
274 2896 447 2956 adiunctum
470 2915 536 2957 esse
559 2906 743 2974 putaverunt.
791 2897 941 2973 Equidem
971 2916 1033 2957 non
1056 2898 1157 2969 vide0,
1183 2917 1235 2957 cur
1262 2896 1300 2973 ips

156 3005 279 3081 Hygino
301 3023 364 3063 non
381 3003 497 3064 licuerit
519 3014 642 3081 propter
657 3004 823 3080 argumenti
846 3005 1068 3081 cognationem,
1087 3023 1166 3082 quae
1189 3015 1233 3065 est
1253 3022 1300 3063 cun

155 3113 254 3189 capite
280 3131 351 3182 200,
377 3121 467 3188 caput
493 3132 551 3171 τοι
578 3113 716 3171 inserere.
732 3104 756 3197 ⁵)
802 3117 842 3170 At
865 3112 1049 3172 Schmidtius
1081 3113 1101 3172 l.
1126 3114 1146 3173 l.
1178 3110 1300 3172 nonnull:

155 3220 246 3279 verba
273 3218 421 3296 capitibus
450 3238 522 3279 201.
550 3239 624 3278 τοο.
661 3237 720 3294 ²03
751 3218 923 3278 communia
951 3219 1110 3279 manifesta
1142 3238 1207 3280 esse
1236 3221 1299 3278 inter

155 3326 316 3403 polationis
348 3325 460 3386 indicia
491 3327 615 3402 putavit,
640 3344 657 3386 e
689 3327 797 3402 quibus
831 3344 922 3385 unum
954 3336 1055 3386 tamen
1088 3328 1148 3387 hoc
1179 3323 1300 3405 graviori

159 3433 303 3493 momenti
321 3432 438 3493 videtur
454 3450 538 3493 esse:
564 3433 669 3511 capitis
689 3454 747 3493 201
767 3432 913 3513 (127.17)
931 3435 1022 3494 verba
1037 3455 1073 3493 ex
1087 3435 1196 3495 alboin
1210 3437 1300 3510 mgrurt

160 3550 333 3617 repetuntur
355 3541 453 3619 capite
483 3561 542 3600 τοο
568 3533 726 3622 (128.10).
773 3543 814 3599 At
849 3541 930 3601 unde
962 3542 1054 3601 verba
1085 3542 1138 3602 illa
1164 3543 1196 3602 in
1224 3538 1300 3618 capit<

162 3667 220 3707 τοι
247 3648 353 3708 hausta
376 3649 444 3721 sint,
468 3648 606 3709 vidimus.
654 3650 690 3707 In
713 3648 811 3725 capite
833 3667 905 3709 vero
938 3669 997 3708 τοο
1029 3659 1109 3710 recte
1142 3647 1300 3728 respondent

264 3945 284 4017 ¹)
301 3949 377 4015 Verg.
396 3950 461 4005 Aen.
480 3949 526 4018 VI,
539 3949 605 4013 289:
628 3948 734 3999 forma
751 3949 962 4013 tricorporis
979 3951 1126 4002 umbrae.

261 4035 283 4105 ²)
302 4039 336 4088 ct.
357 4039 556 4089 heller-Robert
574 4054 612 4104 gr·
632 4037 712 4102 myth,
730 4038 743 4086 I
760 4053 787 4102 p.
807 4050 860 4100 409
879 4053 906 4087 n.
930 4051 953 4089 1.

262 4125 284 4195 ⁸)
301 4129 334 4178 cf.
355 4129 468 4179 Iuvenal.
489 4136 535 4185 sat.
555 4129 600 4188 111,
614 4141 657 4192 30.

264 4213 286 4286 ⁴)
304 4219 409 4268 Bursian
436 4218 593 4270 Fleckeisen.
623 4218 708 4268 annal.
738 4217 801 4282 phil.
823 4217 919 4288 xum,
948 4233 975 4283 p.
998 4227 1063 4282 7793
1096 4219 1210 4270 Schmidt
1235 4205 1299 4283 prael.

156 4325 181 4374 p.
200 4308 296 4358 XXVI.

261 4395 284 4466 ⁶)
302 4405 430 4463 praeterea
449 4399 482 4455 cf,
499 4399 577 4448 verba
594 4395 624 4466 (l.
649 4396 690 4466 19)
717 4413 786 4447 cum
805 4398 951 4463 Sisyphi
976 4414 1077 4463 pecus
1103 4399 1237 4450 assidue
1259 4391 1299 4439 in·

155 4489 302 4542 volaret
321 4495 348 4539 et
366 4504 389 4538 c.
413 4498 461 4557 ¹²5
481 4487 556 4554 (108.
578 4488 637 4556 21):
660 4486 748 4538 socii
766 4486 961 4546 involarunt
979 4503 1090 4560 pecus.
