2896 5130
82 1266 120 1348 lle
139 1265 389 1349 recensione
417 1263 689 1365 fabularum,
720 1285 831 1364 quuo
861 1266 930 1346 ost
956 1264 1005 1344 in
1035 1243 1183 1344 codiee

469 1407 757 1508 Frisingensi.

142 1630 218 1703 Quot
249 1628 347 1686 adhuc
384 1627 437 1685 viri
470 1627 552 1685 docti
586 1627 624 1685 cle
649 1627 762 1702 Hygini
794 1625 902 1685 labidis
935 1625 1126 1700 scripserunt,
1153 1636 1198 1683 tot

64 1734 107 1792 lere
124 1735 275 1794 sententias
299 1735 337 1792 de
361 1753 462 1792 earum
488 1744 585 1791 aetate
609 1745 637 1792 et
663 1734 777 1809 origine
794 1735 985 1810 protulerunt.
1033 1734 1121 1790 Nunc
1138 1733 1199 1807 qui·

64 1841 111 1899 dem
128 1853 189 1918 post
223 1842 413 1899 Bursiani
430 1837 455 1916 ¹)
488 1841 718 1915 disputationem
753 1842 936 1917 exploratum
962 1841 1077 1898 videtur
1106 1840 1199 1897 libelli
1229 1892 1232 1897 Δ

66 1959 183 2008 erectorem
208 1970 225 2007 a
250 1950 283 2008 C.
307 1949 387 2024 Julio
416 1948 539 2024 Hygino
556 1949 682 2023 Augusti
706 1948 935 2006 bibliothecario
953 1948 1099 2006 diversum
1125 1966 1198 2004 esse.

64 2053 127 2113 Cuius
147 2057 321 2115 sententiam
347 2057 396 2114 alii
413 2055 598 2130 grauioribus
616 2056 796 2130 argumentis
813 2057 1095 2130 comprobaverunt.
1136 2054 1199 2111 Viri

65 2160 130 2231 docti,
145 2158 168 2246 2)
192 2165 242 2238 qui
267 2164 305 2220 de
330 2163 538 2222 catasterismis
563 2163 926 2221 Pseudo-Eratosthenicis
951 2173 1083 2237 egerunt,
1102 2163 1199 2219 fontes

64 2272 243 2340 astronomiae,
270 2289 347 2345 quae
371 2272 409 2328 ab
434 2271 541 2329 codem
566 2271 709 2346 scriptore
735 2273 868 2346 profecta
892 2289 956 2328 esse
981 2269 1104 2338 videtur,
1131 2279 1199 2326 aute

64 2373 153 2435 alterum
176 2399 204 2453 p.
230 2379 300 2435 Clrr.
326 2399 354 2437 n.
381 2380 532 2436 saeculum
557 2378 742 2454 conscriptos
759 2397 823 2436 esse
841 2397 901 2434 non
921 2396 1009 2452 posse
1026 2387 1198 2435 statuerunt.

66 2479 181 2554 Equidem
217 2485 298 2542 haud
334 2485 440 2559 ignoro
477 2505 494 2542 a
530 2486 680 2543 nonnullis
716 2485 881 2542 fabularum
921 2495 1073 2541 erectorem
1109 2493 1199 2557 atque

64 2592 229 2650 astronomiae
254 2592 382 2650 eundem
407 2611 472 2650 esse
497 2593 616 2666 negari:
642 2612 678 2651 ea
702 2612 771 2650 vcro
796 2602 978 2667 argumenta,
1004 2610 1079 2665 cyriae
1096 2589 1199 2647 Tschi-

63 2709 153 2771 usnyus
175 2700 252 2758 stud.
279 2701 357 2774 Hyg.
384 2720 412 2775 p.
440 2718 453 2772 7
481 2702 574 2770 affert,
601 2711 631 2757 ut
655 2700 805 2775 utriusque
828 2699 922 2756 libelli
958 2698 1132 2773 scriptorem
1157 2697 1199 2755 di·

64 2815 149 2862 versum
179 2825 245 2864 esse
279 2807 480 2876 demonstret,
514 2827 592 2864 rana
625 2826 689 2865 esse
719 2807 842 2865 Buntius
878 2816 906 2864 ct
940 2807 1158 2863 Kaussmaunus
1175 2799 1197 2888 ³)

64 2913 200 2999 ostendunt.
249 2914 325 2970 Nam
350 2914 432 2988 qtuul
456 2915 505 2971 ille
529 2915 704 2989 particulam
739 2917 833 2970 statim
862 2914 891 2969 in
925 2913 1033 2970 fabulis
1057 2932 1118 2970 non
1157 2912 1199 2969 in-

63 3015 137 3092 veniri,
161 3020 190 3077 in
214 3021 397 3077 astronomia
421 3021 596 3096 saepissime
620 3021 754 3096 usurpari
778 3021 859 3089 dicit,
884 3021 1075 3077 vehementer
1104 3031 1196 3092 errat;

60 3117 138 3194 legitur
170 3128 250 3186 enim
286 3128 315 3184 in
350 3129 459 3186 fabulis
496 3132 535 3202 36
570 3127 611 3204 (p.
639 3131 745 3202 67,18
781 3124 893 3210 Schm.)
929 3137 959 3184 ct
991 3143 1029 3201 45
1057 3125 1197 3206 (ymo).

60 3224 227 3294 Grauioribus
245 3235 331 3310 igitur
346 3236 527 3310 argurncntis
545 3255 619 3311 opus
644 3236 707 3305 erit,
726 3246 756 3292 ut
780 3253 961 3292 consensum
978 3234 1054 3292 inter
1072 3235 1199 3292 Pseudo-

59 3331 216 3413 hostheim,
244 3343 295 3417 qui
319 3343 426 3400 librum
451 3354 584 3401 nostrum
607 3342 822 3422 γενεαλογίαν
847 3343 988 3417 appellat,
1015 3353 1043 3400 et
1068 3352 1199 3400 astrono-

58 3441 114 3502 miae
134 3450 317 3525 scriptorem,
344 3451 395 3524 qui
419 3449 546 3526 primum
566 3451 795 3522 genitium-sareon
820 3449 926 3506 librum
951 3449 1052 3507 laudat
1079 3444 1197 3530 (1112),

57 3563 107 3608 casu
127 3575 158 3614 ac
182 3557 302 3614 fortuito
326 3558 436 3614 lactum
461 3576 525 3615 esse
549 3558 714 3615 credamus.

136 3665 269 3722 Alterum
286 3675 503 3739 argrrrrrentum,
522 3684 582 3739 qim
607 3665 722 3721 fabulas
746 3664 784 3721 ab
802 3662 924 3739 Hygino
941 3665 1094 3737 Augustco
1118 3662 1199 3719 abiu-

56 3759 174 3829 dicandas
199 3791 264 3830 esse
288 3772 439 3846 probetur,
465 3771 504 3829 ad
529 3771 728 3829 elocutionem
754 3771 897 3845 pertinet:
925 3789 1014 3845 cyrtam
1040 3771 1078 3827 ab
1103 3779 1199 3827 aetate

56 3953 290 3972 N‚--—.--
297 3967 321 3971 .-
332 3966 347 3971 ..

144 4066 164 4134 ¹)
183 4070 341 4119 Fleckeisen.
364 4070 449 4118 arnnal.
471 4070 533 4132 phil.
555 4069 649 4127 XCIII,
672 4086 698 4132 p.
722 4070 770 4132 763
790 4086 846 4134 sqq.

143 4155 164 4224 ²)
184 4160 278 4208 Robert
298 4160 426 4208 Eratostlr.
454 4167 543 4207 catast.
572 4161 627 4207 rell.
649 4176 675 4222 p.
697 4169 741 4222 35.
764 4161 828 4221 236;
853 4160 936 4207 Maass
963 4159 1040 4206 auell.
1061 4157 1190 4206 Eratosth.

53 4236 169 4312 [philolog.
190 4259 284 4298 unters.
306 4248 361 4315 VI),
384 4250 452 4297 idem
472 4249 560 4296 Herm.
582 4250 651 4307 xlx,
674 4265 700 4312 p.
726 4250 773 4296 116
793 4266 819 4296 n.
845 4262 867 4296 1.

136 4336 155 4402 ³)
173 4340 256 4387 Buute
284 4339 475 4387 woclrenschrilt
503 4339 521 4386 f.
552 4339 627 4390 klass.
651 4339 713 4401 phil.
733 4339 768 4385 l'I
792 4337 856 4398 1889
884 4354 909 4400 p.
934 4349 992 4396 124.
1024 4347 1084 4399 125;
1108 4337 1199 4384 Kauff·

50 4433 112 4473 mann
130 4427 222 4476 Berlin.
244 4428 305 4491 phil.
326 4427 518 4477 wochenschrift
538 4428 573 4474 IX
598 4428 665 4488 1889
685 4445 710 4491 p.
736 4437 811 4489 1529.

992 4512 1000 4546 r
