3016 5122
647 327 866 366 ...22-

172 518 256 583 parte
268 507 345 564 lecta
358 506 446 580 eique
463 506 667 580 epitomatoris
686 507 775 582 culpa
792 506 924 564 detracta
941 525 1005 564 esse
1023 505 1178 569 existimat.
1226 509 1342 566 Recen-

172 614 288 672 sionem
311 624 443 671 nostram
467 614 546 671 haud
571 613 612 671 ita
636 634 654 671 a
678 614 801 689 pristina
826 614 954 672 alienam
979 634 1043 672 esse
1067 626 1149 690 put0,
1174 626 1205 673 ut
1228 616 1341 684 omnia,

173 741 247 798 quae
272 722 302 778 in
326 721 434 778 sabulis
459 732 599 796 corrupta
617 733 666 779 aut
690 722 825 780 mutilata
849 741 914 780 esse
931 723 1112 780 Schmidtins
1136 743 1165 798 p.
1186 725 1300 780 XXXII
1318 742 1341 781 s

172 849 208 887 ex
232 829 382 888 indicibus
406 829 569 898 concludit,
588 830 763 887 concedam.
812 831 882 899 Sed,
900 830 1185 905 quomodocumque
1207 850 1252 888 res
1276 849 1343 888 sese

172 938 270 1007 habet,
298 936 413 1010 aliquot
445 946 525 994 certe
557 937 632 994 locis
664 936 779 994 indices
811 937 850 994 ad
881 957 926 1006 ea,
952 956 1028 1012 quae
1061 956 1141 994 nunc
1171 937 1201 994 in
1232 937 1342 994 sabulis

172 1055 311 1120 corrupta
329 1054 453 1113 exstant,
472 1044 568 1102 redire
584 1056 663 1103 recte
679 1044 758 1102 idem
775 1045 818 1101 vir
835 1045 940 1102 doctus
957 1045 1040 1102 vidit.
1072 1047 1142 1102 Hoc
1155 1045 1343 1120 potissimum

173 1152 313 1228 quoniam
346 1170 398 1209 eos
432 1152 608 1210 recensione
649 1162 751 1210 nostra
782 1153 965 1227 antiquiores
1007 1172 1072 1210 esse
1113 1153 1341 1221 demonstratur,

171 1259 306 1317 Bursiani
320 1259 495 1316 sententiam
511 1259 630 1316 refutari
640 1259 828 1334 perspicuum
842 1269 894 1317 est.
918 1261 1013 1317 Recte
1026 1259 1146 1334 quidem
1160 1259 1343 1316 Schmidtius

170 1370 189 1425 l.
215 1369 233 1425 l.
260 1386 288 1442 p.
313 1368 447 1423 XXXIII
471 1377 573 1423 monet
591 1367 753 1436 oraculum,
773 1367 855 1440 quod
880 1367 1024 1441 incapite
1052 1387 1087 1423 22
1108 1378 1160 1434 est,
1186 1367 1216 1423 in
1233 1367 1343 1424 fabulis

171 1495 224 1533 suo
249 1485 356 1532 eventu
381 1492 491 1543 carere,
524 1493 585 1531 non
610 1474 639 1530 in
664 1474 764 1532 indice
787 1475 892 1548 capitis
918 1491 978 1549 254
1003 1470 1162 1555 (14012).
1210 1474 1344 1532 Nomina

172 1585 294 1640 fratrum
318 1582 474 1651 Althaeae,
500 1600 576 1656 quae
601 1582 631 1639 in
655 1582 762 1638 sabulis
791 1569 848 1654 173
876 1593 904 1639 et
932 1599 991 1654 174
1017 1601 1051 1639 ex
1076 1581 1177 1639 (lvidii
1207 1582 1343 1639 versibus

170 1708 307 1766 perverse
339 1688 495 1746 intellectis
527 1699 665 1765 corrupta
700 1699 776 1758 sunt,
809 1690 847 1746 ab
882 1699 1004 1747 auctore
1036 1688 1142 1764 capitis
1177 1708 1236 1759 244
1261 1699 1343 1746 recte

170 1809 285 1856 servata
309 1816 374 1855 esse
397 1798 534 1856 vidimus.
582 1798 671 1855 Initio
704 1797 809 1873 capitis
848 1801 907 1871 189
938 1797 1053 1854 Procris
1085 1796 1247 1853 Pandionis
1273 1787 1343 1854 ‘filia

169 1905 357 1964 nominatur:
382 1905 462 1963 idem
487 1924 568 1963 error
591 1905 621 1962 in
646 1915 735 1980 caput
762 1924 819 1975 241
848 1901 994 1979 (13417)
1018 1904 1142 1978 irrepsit.
1159 1899 1185 1987 1)
1239 1904 1344 1961 Verba

172 2013 342 2087 supplendo
356 2013 508 2070 Erechthei
514 2014 671 2070 llrrrrlianr'r
674 2013 738 2086 filii
739 2013 819 2086 filiu,
833 2012 915 2086 quod
928 2012 1051 2068 Buntius
1063 2012 1165 2080 voluit,
1180 2011 1344 2069 emendare

170 2120 321 2188 nonlicet,
342 2120 394 2177 sed
412 2137 493 2176 error
509 2118 580 2186 eiuS,
596 2117 647 2192 qui
664 2120 799 2174 Procnen
816 2136 883 2174 cum
897 2117 1037 2175 Procride
1054 2117 1197 2187 confudit,
1212 2128 1344 2175 statuen-

170 2227 224 2284 dus
249 2236 301 2285 est.
349 2228 388 2283 At
413 2237 524 2283 rectum
548 2225 637 2300 patris
662 2243 773 2282 nomen
797 2225 903 2299 legitur
926 2225 955 2281 in
995 2225 1093 2299 capite
1121 2241 1179 2300 253
1206 2221 1341 2308 (1405).

277 2352 321 2408 Ex
344 2350 513 2409 elocutione
545 2350 678 2408 indicum
710 2350 870 2424 quicquam
903 2350 975 2407 certi
999 2350 1179 2407 concludere
1202 2350 1250 2406 vix
1274 2371 1342 2425 pos-

169 2477 278 2528 sumus,
297 2477 364 2515 cum
381 2458 465 2515 arida
489 2468 518 2515 et
534 2458 629 2515 tenuis
647 2457 684 2514 sit
708 2477 743 2514 ac
760 2458 934 2532 plerumque
956 2477 971 2514 e
988 2457 1153 2514 fabularum
1171 2458 1343 2516 narratione

169 2577 315 2641 excerpta.
364 2565 472 2624 Verbis
490 2565 597 2623 indicis
626 2569 732 2640 2502'12
756 2567 898 2640 quadrigar
921 2566 1014 2623 salens
1030 2565 1230 2641 integriorem,
1249 2584 1341 2640 quam

168 2694 223 2731 nos
247 2674 402 2741 habemus
428 2683 537 2730 textum
569 2674 688 2731 fabulae
723 2674 759 2730 61
797 2673 940 2747 postulari
974 2691 1063 2748 supra
1094 2672 1260 2748 expositum
1285 2684 1339 2731 est.

167 2781 258 2838 Aliud
284 2783 452 2856 exemplum
485 2801 547 2838 non
581 2781 645 2839 sine
679 2782 778 2855 aliqua
810 2781 996 2839 dubitatione
1020 2781 1137 2857 adici03
1162 2780 1193 2837 in
1216 2800 1242 2839 c.
1278 2801 1339 2852 242

168 2882 290 2969 (135‚1)
315 2889 439 2964 legitur:
465 2890 619 2945 Macareus
650 2889 723 2945 Aeol
729 2891 733 2900 '
751 2890 836 2963 filius
860 2897 978 2963 propter
1005 2889 1133 2946 Canacen
1161 2908 1281 2945 sororem
1312 2891 1347 2946 id

167 3004 208 3052 est
228 3006 358 3071 mansam
382 2998 481 3071 ipsese
503 2997 645 3071 tirterfrcr't.
693 2998 728 3052 In
752 2997 851 3054 verbis
868 2997 901 3052 id
920 3004 960 3053 est
974 2996 1027 3053 viri
1052 2996 1135 3055 docti
1151 2996 1342 3055 offenderunt

168 3122 265 3177 neque
291 3104 479 3161 contulerunt
511 3124 537 3161 c.
568 3108 626 3177 178
662 3095 778 3185 (35'.1):
804 3124 840 3161 ex
864 3104 963 3178 (salbas
986 3106 1108 3178 quinque
1130 3104 1340 3179 stqtcrsacrrmt,

167 3213 257 3268 idest
285 3212 446 3280 Chthonius,
478 3212 588 3270 Istlaeus
611 3219 655 3268 etc.

274 3337 339 3394 Nec
364 3336 460 3393 minus
485 3337 602 3395 tertiam
626 3337 693 3394 libri
718 3347 843 3412 partem,
870 3347 959 3412 caput
983 3337 1221 3412 genealogicum,
1256 3339 1340 3411 quod

168 3444 284 3501 fabulas
302 3444 454 3501 antecedit
470 3441 519 3518 (cs.
546 3445 646 3519 capita
675 3443 865 3523 155-163),
890 3444 1015 3519 genuini
1041 3444 1130 3501 fuisse
1154 3444 1252 3519 operis
1278 3447 1340 3520 Hy-

166 3551 281 3626 giniani
315 3551 518 3609 indicaverim.
569 3553 763 3626 Quamquam
797 3553 1014 3626 Tschiassnyus
1038 3572 1067 3627 p.
1105 3555 1169 3609 os
1208 3563 1339 3626 caputa

167 3659 275 3716 fabulis
300 3659 516 3717 secernendum
541 3672 569 3718 et
594 3661 632 3718 ad
656 3659 738 3717 illum
763 3660 964 3718 astronomiae
987 3661 1098 3729 locum,
1136 3678 1195 3734 quo
1231 3679 1339 3733 genea-

166 3766 266 3842 logiae
293 3768 460 3836 laudantur,
487 3768 674 3826 referendum
700 3786 764 3825 esse
788 3779 899 3826 censet.
947 3770 987 3824 At
1021 3767 1241 3842 neglegendum
1276 3786 1340 3824 non

171 3884 216 3931 est
240 3875 403 3944 nonnulla,
429 3893 506 3949 quae
535 3876 584 3932 hic
618 3875 769 3950 leguntur,
807 3895 873 3932 cum
909 3875 1016 3932 fabulis
1052 3874 1157 3931 mirum
1194 3884 1340 3948 (quantum

167 3980 356 4044 consentire:
388 3982 450 4039 nati
486 4002 522 4040 ex
546 3984 694 4058 Typhone
730 3993 757 4040 et
781 3982 929 4051 Echidna,
966 3982 1017 4055 qui
1041 4002 1069 4057 p.
1100 4002 1135 4038 12
1161 3982 1179 4038 l.
1210 3985 1334 4039 16-21

167 4098 383 4158 enumerantur,
421 4088 525 4146 iterum
560 4090 590 4146 in
626 4090 724 4165 capite
753 4105 808 4163 151
837 4099 1005 4147 occurrunt.
1053 4089 1139 4148 Licet
1174 4089 1232 4146 hoc
1266 4088 1338 4148 inde

167 4283 484 4290 ——-——--——.-.

274 4405 293 4476 Ι)
314 4407 431 4456 Similiter
459 4407 594 4474 Cephalus,
616 4407 658 4471 qui
679 4407 733 4455 aliis
752 4407 814 4454 locis
839 4406 944 4454 Deionis
971 4406 1035 4455 silius
1072 4407 1223 4473 nominatur,
1246 4406 1270 4453 in
1293 4423 1335 4456 ca·

166 4499 217 4568 pite
237 4508 289 4559 270
309 4498 380 4565 (145.
406 4497 447 4565 16)
467 4498 603 4546 Pandionis
623 4497 686 4547 filius
705 4505 751 4546 est.
