2896 5130
707 292 965 378 542...⁴

234 500 344 565 riorum
366 500 575 562 retractatione
598 501 736 561 laborare
759 501 806 559 vel
830 501 974 560 sermonis
998 497 1204 576 proprietates,
1229 497 1268 558 de
1292 496 1406 575 quibus

233 630 323 688 supra
345 609 482 679 diximus,
507 609 677 669 ostendunt.
724 609 785 668 Sed
807 627 880 667 cave
903 608 996 667 verba
1018 617 1120 666 nostra
1143 616 1271 681 temptes
1289 606 1405 664 collato

234 719 332 795 capite
358 737 373 775 2
379 732 416 793 51
445 709 530 800 (139.
557 710 608 798 6):
638 717 740 775 Castor
760 723 788 774 et
807 717 913 776 Pollux
936 716 1014 774 Ionis
1036 723 1064 774 et
1083 714 1177 773 Ledae
1199 714 1264 791 filii
1290 713 1405 772 alterna

234 834 319 887 morte
340 825 473 896 redeunt,-
495 825 532 883 cf.
558 834 626 884 astr.
652 826 671 883 1.
696 825 715 882 l.

801 970 829 1025 3.

543 1053 589 1122 bo
614 1052 798 1122 maioribus
822 1050 1096 1121 mutuationibus.

340 1166 447 1226 Paucis
471 1167 614 1242 exemplis
638 1166 679 1236 id,
704 1166 788 1241 quod
811 1166 849 1224 de
874 1164 987 1241 Hygini
1012 1163 1145 1222 sontibus
1171 1162 1297 1222 Graecis
1332 1181 1402 1220 con-

232 1275 363 1336 stitutum
388 1284 441 1343 est,
465 1274 602 1349 redargui
625 1273 750 1332 videtur.
797 1272 1026 1332 Exstantenim
1049 1271 1131 1330 haud
1155 1271 1197 1329 ita
1220 1270 1307 1328 multi
1330 1269 1401 1340 loci,

232 1381 340 1459 quibus
363 1380 468 1440 breves
500 1381 803 1463 adnotatiunculae'e
827 1391 982 1457 poetarum
1006 1380 1182 1438 Latinorum
1215 1376 1402 1436 carminibus

232 1488 380 1549 addantur
403 1499 454 1546 aut
476 1499 681 1565 argumentum
705 1489 883 1548 narrationis
907 1508 975 1547 curn
991 1489 1036 1559 iis,
1054 1505 1131 1564 quae
1147 1487 1190 1544 illi
1206 1477 1402 1562 protulerant,

130 1598 134 1605 ’
231 1596 454 1672 conglutinetur
477 1608 527 1654 aut
559 1608 622 1654 tota
652 1597 783 1672 denique
815 1598 944 1655 narratio
979 1597 1080 1654 colore
1112 1594 1245 1670 quodam
1278 1592 1403 1669 poetico

231 1713 358 1762 ornetur.
406 1705 456 1762 Me
479 1703 524 1772 iis,
549 1704 600 1778 qui
623 1704 730 1762 librum
754 1705 923 1762 scholarum
939 1703 1004 1762 usui
1022 1703 1203 1763 destinatum
1219 1719 1284 1760 esse
1315 1699 1402 1759 obliti

230 1820 307 1880 sunt,
330 1811 384 1869 sed
407 1821 528 1886 propter
556 1823 670 1870 ceteros
700 1814 797 1871 fontes
828 1812 900 1870 talia
924 1831 940 1870 e
964 1811 1065 1870 medio
1096 1811 1201 1868 tollere
1231 1809 1401 1876 voluerunt,

230 1918 368 1978 assentiri
391 1937 452 1977 non
477 1936 565 1993 posse
588 1938 678 1994 supra
700 1920 841 1978 iudicavi.
890 1921 1018 1977 Etcum
1042 1918 1083 1987 id,
1109 1917 1192 1992 quod
1216 1915 1308 1974 uobis
1333 1933 1401 1990 pro·

118 2046 122 2055 ·
229 2025 391 2102 posuimus,
417 2027 597 2102 argumentis
621 2029 811 2102 probandum
835 2028 881 2096 sit,
907 2027 1066 2101 quaeritur,
1084 2044 1155 2082 num
1179 2033 1278 2082 certos
1302 2022 1398 2091 locos,

230 2131 280 2208 qui
304 2132 344 2191 ad
366 2144 499 2192 nostram
522 2152 584 2192 rem
608 2145 753 2210 spectant,
771 2135 801 2192 in
825 2134 956 2210 genuina
972 2134 1062 2191 fuisse
1078 2131 1255 2190 recensione
1273 2130 1399 2189 demon-

228 2239 314 2298 strari
337 2241 440 2315 possit.
488 2242 640 2317 Exemplis
672 2254 770 2301 autem
803 2243 950 2301 eiusmodi
981 2241 1095 2299 statutis
1129 2240 1168 2297 de
1200 2237 1309 2297 ceteris
1340 2236 1400 2294 iam

228 2365 291 2405 non
313 2346 436 2405 difficile
459 2349 513 2406 erit
530 2339 708 2412 diiudicare.
756 2351 875 2408 Initium
899 2350 1043 2409 faciamus
1066 2368 1084 2406 a
1107 2349 1176 2405 loco
1200 2364 1291 2421 supra
1325 2355 1400 2402 trac·

230 2454 298 2512 tatis
322 2453 483 2526 simillimo,
508 2475 569 2532 quo
592 2458 763 2516 nominibus
788 2459 913 2517 Graecis
937 2457 1047 2514 Latina
1068 2455 1233 2514 secundum
1252 2451 1399 2512 Ovidium

228 2560 437 2636 adiunguntur.
485 2565 538 2634 Ea,
563 2583 640 2639 quae
664 2566 773 2623 fabulis
799 2587 826 2635 2,
853 2586 882 2637 4,
910 2582 924 2641 5
951 2565 989 2623 de
1013 2562 1203 2621 Athamantis
1226 2560 1345 2619 insania
1370 2568 1400 2617 et

227 2666 266 2726 de
288 2669 358 2727 Inus
382 2670 614 2747 Melicertaeque
638 2673 793 2748 apotheosi
816 2674 980 2743 traduntur,
1005 2671 1126 2729 Bethius
1141 2663 1163 2751 ¹)
1185 2668 1260 2725 vidit
1276 2667 1398 2725 fluxisse

228 2793 264 2834 ex
292 2774 450 2851 hypothesi
475 2779 600 2853 Graeca,
634 2799 725 2855 quam
757 2790 931 2856 argumenta
966 2779 1131 2838 carminum
1155 2775 1397 2846 Isthmiacorum,

227 2883 322 2940 schol.
359 2885 391 2942 H
415 2887 455 2943 86
485 2888 513 2943 A
536 2888 575 2957 D,
606 2889 690 2946 Paus.
724 2890 814 2960 144.
848 2907 862 2961 7
897 2908 931 2957 s.,
966 2887 1016 2945 alii
1048 2895 1206 2962 praestant.
1254 2881 1397 2941 Narratio

228 2999 326 3049 autem
350 2992 461 3063 Ovidii,
495 3012 585 3069 qnam
618 2996 683 3053 fast.
708 2997 760 3065 VI,
787 3011 960 3071 473-550
985 3004 1015 3052 et
1044 3003 1113 3052 met.
1137 2993 1190 3061 IV,
1218 2993 1393 3065 416-—542

227 3098 365 3173 explicat,
383 3101 422 3157 ab
439 3101 611 3176 Hyginiana
634 3104 786 3179 paululum
803 3103 920 3161 diversa
944 3112 996 3162 est.
1044 3101 1121 3158 Nam
1144 3098 1225 3174 apud
1250 3096 1396 3157 Ovidium

227 3204 308 3282 (met.
333 3207 385 3276 IV,
413 3208 487 3286 531)
521 3211 624 3268 Venus
659 3211 836 3286 apotheosin
870 3212 940 3269 Inus
974 3219 1003 3268 et
1037 3209 1090 3266 filii
1126 3208 1273 3282 impetrat,
1313 3202 1396 3280 apud

227 3312 381 3388 Hyginum
412 3309 453 3394 (c.
496 3317 525 3394 2)
555 3317 655 3387 Liber,
692 3319 774 3393 quod
807 3319 899 3375 multo
933 3317 1029 3392 magis
1061 3333 1128 3373 cum
1158 3323 1265 3371 natrua
1300 3310 1396 3386 mythi

227 3419 376 3492 cohaeret,
409 3424 479 3498 quia
502 3427 557 3482 Ino
590 3425 688 3483 nutrix
710 3426 811 3484 Liberi
841 3427 943 3484 suerat.
960 3418 982 3503 ²)
1029 3422 1122 3496 Quod
1145 3429 1303 3496 praeterea
1326 3437 1395 3476 nar·

226 3520 340 3610 ratur(
363 3548 388 3589 c.
415 3551 433 3602 4
457 3541 486 3590 et
512 3534 543 3610 5)
566 3534 777 3591 Athamantem
811 3533 850 3590 in
873 3531 1088 3590 venatione
1111 3527 1280 3587 Learchum
1305 3526 1396 3584 iuter·

227 3634 341 3706 secisse,
376 3637 407 3696 id
442 3639 536 3714 magis
567 3659 634 3698 cum
667 3641 846 3716 Apollodori
879 3639 977 3698 verbis
1011 3658 1039 3713 3.
1073 3657 1102 3708 4.
1137 3655 1153 3709 3
1183 3629 1242 3709 (ὦς
1268 3628 1397 3717 ἔλαφον

226 3740 403 3822 θηρεύσας)
433 3765 523 3820 quam
555 3767 623 3806 cum
656 3748 758 3807 Ovidii
790 3747 992 3823 descriptione
1022 3744 1168 3803 rhetorica
1202 3739 1285 3818 (met.
1318 3742 1338 3798 l.
1373 3743 1395 3799 l.

229 3865 288 3926 515
329 3852 409 3929 sqq.)
448 3856 593 3930 congruit.
655 3856 855 3913 Nihilominus
895 3855 1018 3930 Hygino
1061 3853 1125 3910 sine
1164 3848 1259 3908 dubio
1299 3849 1396 3908 verba

226 3967 334 4032 poetae
366 3959 523 4020 observata
554 3973 630 4034 sunt,
666 3982 734 4021 cum
763 3963 888 4020 nomina
910 3961 1019 4020 Latina
1044 3958 1168 4019 Graecis
1202 3955 1333 4016 adderet
1363 3956 1397 4014 in

332 4220 353 4290 ¹)
372 4233 477 4274 tament.
497 4227 621 4290 mythogr.
642 4227 822 4292 I(genethliac.
838 4227 923 4294 Gott.)
936 4243 962 4290 p.
979 4239 1011 4289 33
1031 4242 1052 4274 s.
1082 4224 1210 4273 Scholium
1224 4219 1396 4271 Homericum

226 4313 446 4377 Philostephanum
464 4324 587 4365 auctorem
606 4317 729 4366 nominat.

332 4399 405 4470 ἢεί.
426 4405 486 4453 Luc.
514 4405 576 4454 dial.
604 4424 666 4456 mar.
693 4421 718 4469 9.
743 4422 770 4456 1:
799 4404 866 4457 ἄλλα
893 4403 1018 4470 κάκείνην
1036 4402 1163 4473 (Inonem)
1189 4406 1275 4453 σώσαι
1303 4398 1397 4471 δεήσει

222 4496 419 4566 χαρισαμένους
437 4500 472 4565 τῷ
490 4491 617 4569 Διονύσῳ·
637 4494 736 4568 τροφὸς
753 4493 807 4569 γαρ
826 4493 910 4549 αὐτοῦ
927 4499 973 4547 καῖ
990 4500 1066 4563 τίτθη
1086 4493 1103 4560 ἤ
1120 4490 1190 4548 Ἰνώ.
