<?xml version="1.0" encoding="UTF-8"?>
<!DOCTYPE html PUBLIC "-//W3C//DTD XHTML 1.0 Transitional//EN"
    "http://www.w3.org/TR/xhtml1/DTD/xhtml1-transitional.dtd">
<html xmlns="http://www.w3.org/1999/xhtml" xml:lang="en" lang="en">
 <head>
  <title>
</title>
<meta http-equiv="Content-Type" content="text/html;charset=utf-8" />
  <meta name='ocr-system' content='tesseract 3.04.00' />
  <meta name='ocr-capabilities' content='ocr_page ocr_carea ocr_par ocr_line ocrx_word'/>
</head>
<body>
  <div class='ocr_page' id='page_1' title='image "./quaestioneshygi01dietgoog_0040.png"; bbox 0 0 2896 5130; ppageno 0'>
   <div class='ocr_carea' id='block_1_1' title="bbox 595 308 815 364">
    <p class='ocr_par' dir='ltr' id='par_1_1' title="bbox 595 308 815 364">
     <span class='ocr_line' id='line_1_1' title="bbox 595 308 815 364; baseline 0 -30"><span class='ocrx_word' id='word_1_1' title='bbox 595 308 815 364; x_wconf 75' lang='lat'><strong>-31..-</strong></span> 
     </span>
    </p>
   </div>
   <div class='ocr_carea' id='block_1_2' title="bbox 147 484 1296 989">
    <p class='ocr_par' dir='ltr' id='par_1_2' title="bbox 147 484 1296 989">
     <span class='ocr_line' id='line_1_2' title="bbox 154 484 1296 564; baseline 0.002 -20"><span class='ocrx_word' id='word_1_2' title='bbox 154 485 202 544; x_wconf 87' lang='lat' dir='ltr'><strong>dam</strong></span> <span class='ocrx_word' id='word_1_3' title='bbox 221 504 397 544; x_wconf 90' lang='lat' dir='ltr'><strong>eonsensum</strong></span> <span class='ocrx_word' id='word_1_4' title='bbox 422 485 577 564; x_wconf 83' lang='lat' dir='ltr'>praebent,</span> <span class='ocrx_word' id='word_1_5' title='bbox 595 487 643 544; x_wconf 92' lang='lat' dir='ltr'><strong>hic</strong></span> <span class='ocrx_word' id='word_1_6' title='bbox 667 497 794 545; x_wconf 91' lang='lat' dir='ltr'><strong>tractare</strong></span> <span class='ocrx_word' id='word_1_7' title='bbox 817 486 914 543; x_wconf 88' lang='lat' dir='ltr'><strong>liceat.</strong></span> <span class='ocrx_word' id='word_1_8' title='bbox 962 485 997 543; x_wconf 93' lang='lat' dir='ltr'><strong>In</strong></span> <span class='ocrx_word' id='word_1_9' title='bbox 1020 484 1131 556; x_wconf 86' lang='lat' dir='ltr'><strong>fabula,</strong></span> <span class='ocrx_word' id='word_1_10' title='bbox 1150 487 1296 562; x_wconf 88' lang='lat' dir='ltr'><strong>quamde</strong></span> 
     </span>
     <span class='ocr_line' id='line_1_3' title="bbox 149 593 1295 670; baseline 0.003 -20"><span class='ocrx_word' id='word_1_11' title='bbox 149 593 239 668; x_wconf 78' lang='lat' dir='ltr'>Aegina</span> <span class='ocrx_word' id='word_1_12' title='bbox 269 593 505 668; x_wconf 84' lang='lat' dir='ltr'><strong>mythographus</strong></span> <span class='ocrx_word' id='word_1_13' title='bbox 538 594 635 669; x_wconf 90' lang='lat' dir='ltr'><strong>capite</strong></span> <span class='ocrx_word' id='word_1_14' title='bbox 671 610 721 669; x_wconf 83' lang='lat'><strong>52,</strong></span> <span class='ocrx_word' id='word_1_15' title='bbox 756 593 882 651; x_wconf 86' lang='lat' dir='ltr'><strong>Ovidius</strong></span> <span class='ocrx_word' id='word_1_16' title='bbox 914 604 982 651; x_wconf 93' lang='lat' dir='ltr'><strong>met.</strong></span> <span class='ocrx_word' id='word_1_17' title='bbox 1015 595 1082 662; x_wconf 93' lang='lat' dir='ltr'><strong>VII,</strong></span> <span class='ocrx_word' id='word_1_18' title='bbox 1120 597 1295 670; x_wconf 88' lang='lat'>518-—660</span> 
     </span>
     <span class='ocr_line' id='line_1_4' title="bbox 150 700 1296 775; baseline 0.001 -18"><span class='ocrx_word' id='word_1_19' title='bbox 150 711 249 768; x_wconf 78' lang='lat' dir='ltr'>enarrat,</span> <span class='ocrx_word' id='word_1_20' title='bbox 275 711 399 774; x_wconf 89' lang='lat' dir='ltr'><strong>uterque</strong></span> <span class='ocrx_word' id='word_1_21' title='bbox 424 700 464 757; x_wconf 85' lang='lat' dir='ltr'><strong>ita</strong></span> <span class='ocrx_word' id='word_1_22' title='bbox 491 721 507 757; x_wconf 88' lang='lat' dir='ltr'><strong>a</strong></span> <span class='ocrx_word' id='word_1_23' title='bbox 533 702 627 758; x_wconf 82' lang='lat' dir='ltr'><strong>torma</strong></span> <span class='ocrx_word' id='word_1_24' title='bbox 652 701 722 759; x_wconf 90' lang='lat' dir='ltr'><strong>inde</strong></span> <span class='ocrx_word' id='word_1_25' title='bbox 747 703 785 758; x_wconf 89' lang='lat' dir='ltr'><strong>ab</strong></span> <span class='ocrx_word' id='word_1_26' title='bbox 810 700 951 758; x_wconf 83' lang='lat' dir='ltr'>Hesiodo</span> <span class='ocrx_word' id='word_1_27' title='bbox 975 701 1095 775; x_wconf 89' lang='lat' dir='ltr'><strong>vulgata</strong></span> <span class='ocrx_word' id='word_1_28' title='bbox 1119 702 1240 770; x_wconf 79' lang='lat' dir='ltr'><strong>recedit,</strong></span> <span class='ocrx_word' id='word_1_29' title='bbox 1265 712 1296 759; x_wconf 90' lang='lat' dir='ltr'><strong>ut</strong></span> 
     </span>
     <span class='ocr_line' id='line_1_5' title="bbox 147 807 1293 882; baseline 0.003 -19"><span class='ocrx_word' id='word_1_30' title='bbox 147 807 310 864; x_wconf 84' lang='lat' dir='ltr'><strong>solitudinem</strong></span> <span class='ocrx_word' id='word_1_31' title='bbox 336 807 428 864; x_wconf 83' lang='lat' dir='ltr'><strong>Aeaci</strong></span> <span class='ocrx_word' id='word_1_32' title='bbox 454 808 625 882; x_wconf 80' lang='lat' dir='ltr'><strong>pestilentia</strong></span> <span class='ocrx_word' id='word_1_33' title='bbox 650 809 800 866; x_wconf 91' lang='lat' dir='ltr'><strong>alunone</strong></span> <span class='ocrx_word' id='word_1_34' title='bbox 824 808 915 865; x_wconf 88' lang='lat' dir='ltr'><strong>missa</strong></span> <span class='ocrx_word' id='word_1_35' title='bbox 939 808 1075 866; x_wconf 82' lang='lat' dir='ltr'><strong>effectam</strong></span> <span class='ocrx_word' id='word_1_36' title='bbox 1101 826 1166 866; x_wconf 91' lang='lat' dir='ltr'><strong>esse</strong></span> <span class='ocrx_word' id='word_1_37' title='bbox 1190 809 1293 867; x_wconf 90' lang='lat' dir='ltr'><strong>tradat.</strong></span> 
     </span>
     <span class='ocr_line' id='line_1_6' title="bbox 147 914 1296 989; baseline 0.003 -19"><span class='ocrx_word' id='word_1_38' title='bbox 147 914 223 986; x_wconf 86' lang='lat' dir='ltr'><strong>Quam</strong></span> <span class='ocrx_word' id='word_1_39' title='bbox 239 915 358 971; x_wconf 87' lang='lat' dir='ltr'><strong>fabulae</strong></span> <span class='ocrx_word' id='word_1_40' title='bbox 383 915 509 971; x_wconf 86' lang='lat' dir='ltr'><strong>formam</strong></span> <span class='ocrx_word' id='word_1_41' title='bbox 527 915 651 971; x_wconf 91' lang='lat' dir='ltr'><strong>Graecis</strong></span> <span class='ocrx_word' id='word_1_42' title='bbox 676 933 736 972; x_wconf 92' lang='lat' dir='ltr'><strong>non</strong></span> <span class='ocrx_word' id='word_1_43' title='bbox 763 915 896 989; x_wconf 88' lang='lat' dir='ltr'><strong>ignotam</strong></span> <span class='ocrx_word' id='word_1_44' title='bbox 921 914 1010 972; x_wconf 81' lang='lat' dir='ltr'><strong>tuisse</strong></span> <span class='ocrx_word' id='word_1_45' title='bbox 1027 914 1180 973; x_wconf 83' lang='lat' dir='ltr'><strong>Strabonis</strong></span> <span class='ocrx_word' id='word_1_46' title='bbox 1205 916 1296 973; x_wconf 82' lang='lat' dir='ltr'><strong>uerba</strong></span> 
     </span>
    </p>
   </div>
   <div class='ocr_carea' id='block_1_3' title="bbox 145 1016 1294 1103">
    <p class='ocr_par' dir='ltr' id='par_1_3' title="bbox 145 1016 1294 1103">
     <span class='ocr_line' id='line_1_7' title="bbox 145 1016 1294 1103; baseline 0.006 -27"><span class='ocrx_word' id='word_1_47' title='bbox 145 1022 206 1090; x_wconf 79' lang='lat' dir='ltr'><strong>tun,</strong></span> <span class='ocrx_word' id='word_1_48' title='bbox 228 1041 255 1096; x_wconf 85' lang='lat' dir='ltr'><strong>p.</strong></span> <span class='ocrx_word' id='word_1_49' title='bbox 283 1037 344 1096; x_wconf 85' lang='lat'><strong>375</strong></span> <span class='ocrx_word' id='word_1_50' title='bbox 365 1021 549 1080; x_wconf 88' lang='lat' dir='ltr'><strong>ostendunt:</strong></span> <span class='ocrx_word' id='word_1_51' title='bbox 567 1030 674 1102; x_wconf 72' lang='grc' dir='ltr'><strong><em>φασίν,</em></strong></span> <span class='ocrx_word' id='word_1_52' title='bbox 701 1016 751 1083; x_wconf 71' lang='grc' dir='ltr'><strong>ὅτι</strong></span> <span class='ocrx_word' id='word_1_53' title='bbox 779 1021 892 1102; x_wconf 78' lang='grc' dir='ltr'><strong><em>λοιμοῦ</em></strong></span> <span class='ocrx_word' id='word_1_54' title='bbox 915 1016 1057 1101; x_wconf 70' lang='grc' dir='ltr'><em>μεγάλου</em></span> <span class='ocrx_word' id='word_1_55' title='bbox 1075 1020 1294 1103; x_wconf 70' lang='grc' dir='ltr'><em>συμπεσόντος</em></span> 
     </span>
    </p>
   </div>
   <div class='ocr_carea' id='block_1_4' title="bbox 137 1120 1296 2382">
    <p class='ocr_par' dir='ltr' id='par_1_4' title="bbox 137 1120 1296 2382">
     <span class='ocr_line' id='line_1_8' title="bbox 144 1120 1294 1212; baseline -0.001 -26"><span class='ocrx_word' id='word_1_56' title='bbox 144 1129 166 1187; x_wconf 78' lang='grc' dir='ltr'><strong>οἱ</strong></span> <span class='ocrx_word' id='word_1_57' title='bbox 181 1125 334 1209; x_wconf 64' lang='grc' dir='ltr'><em>μύρμηκες</em></span> <span class='ocrx_word' id='word_1_58' title='bbox 358 1123 535 1212; x_wconf 65' lang='grc' dir='ltr'><strong>ἄνθρωποι</strong></span> <span class='ocrx_word' id='word_1_59' title='bbox 558 1134 703 1205; x_wconf 71' lang='lat' dir='ltr'><strong>yeoottuo</strong></span> <span class='ocrx_word' id='word_1_60' title='bbox 731 1131 802 1190; x_wconf 79' lang='grc' dir='ltr'><strong>κατ’</strong></span> <span class='ocrx_word' id='word_1_61' title='bbox 828 1120 926 1210; x_wconf 73' lang='grc' dir='ltr'><em>εὐχήν</em></span> <span class='ocrx_word' id='word_1_62' title='bbox 950 1129 1089 1193; x_wconf 80' lang='grc' dir='ltr'><em>Αἰακοῦ.</em></span> <span class='ocrx_word' id='word_1_63' title='bbox 1150 1129 1209 1186; x_wconf 89' lang='lat' dir='ltr'><strong>Sed</strong></span> <span class='ocrx_word' id='word_1_64' title='bbox 1232 1148 1294 1186; x_wconf 92' lang='lat' dir='ltr'><strong>non</strong></span> 
     </span>
     <span class='ocr_line' id='line_1_9' title="bbox 143 1234 1293 1312; baseline 0.003 -23"><span class='ocrx_word' id='word_1_65' title='bbox 143 1234 213 1291; x_wconf 90' lang='lat' dir='ltr'><strong>modo</strong></span> <span class='ocrx_word' id='word_1_66' title='bbox 236 1253 281 1304; x_wconf 89' lang='lat' dir='ltr'><strong>ea,</strong></span> <span class='ocrx_word' id='word_1_67' title='bbox 307 1253 386 1309; x_wconf 88' lang='lat' dir='ltr'><strong>quae</strong></span> <span class='ocrx_word' id='word_1_68' title='bbox 409 1245 500 1310; x_wconf 89' lang='lat' dir='ltr'><strong>poeta</strong></span> <span class='ocrx_word' id='word_1_69' title='bbox 533 1235 617 1309; x_wconf 86' lang='lat' dir='ltr'><strong>quasi</strong></span> <span class='ocrx_word' id='word_1_70' title='bbox 641 1235 671 1291; x_wconf 92' lang='lat' dir='ltr'><strong>in</strong></span> <span class='ocrx_word' id='word_1_71' title='bbox 695 1235 818 1293; x_wconf 89' lang='lat' dir='ltr'><strong>transitu</strong></span> <span class='ocrx_word' id='word_1_72' title='bbox 850 1234 952 1292; x_wconf 89' lang='lat' dir='ltr'><strong>leviter</strong></span> <span class='ocrx_word' id='word_1_73' title='bbox 976 1235 1080 1310; x_wconf 86' lang='lat' dir='ltr'><strong>tangit,</strong></span> <span class='ocrx_word' id='word_1_74' title='bbox 1106 1236 1145 1293; x_wconf 87' lang='lat' dir='ltr'><strong>ab</strong></span> <span class='ocrx_word' id='word_1_75' title='bbox 1171 1236 1293 1312; x_wconf 84' lang='lat' dir='ltr'><strong>Hygino</strong></span> 
     </span>
     <span class='ocr_line' id='line_1_10' title="bbox 143 1336 1293 1421; baseline 0.005 -27"><span class='ocrx_word' id='word_1_76' title='bbox 143 1341 246 1414; x_wconf 88' lang='lat' dir='ltr'><strong>amplius</strong></span> <span class='ocrx_word' id='word_1_77' title='bbox 262 1336 289 1421; x_wconf 88' lang='lat'><strong>¹)</strong></span> <span class='ocrx_word' id='word_1_78' title='bbox 305 1342 499 1416; x_wconf 86' lang='lat' dir='ltr'><strong>explicantur,</strong></span> <span class='ocrx_word' id='word_1_79' title='bbox 518 1361 619 1400; x_wconf 88' lang='lat' dir='ltr'><strong>verum</strong></span> <span class='ocrx_word' id='word_1_80' title='bbox 638 1341 728 1399; x_wconf 89' lang='lat' dir='ltr'><strong>etiam</strong></span> <span class='ocrx_word' id='word_1_81' title='bbox 745 1360 790 1411; x_wconf 88' lang='lat' dir='ltr'><strong>ea,</strong></span> <span class='ocrx_word' id='word_1_82' title='bbox 805 1360 882 1416; x_wconf 87' lang='lat' dir='ltr'><strong>quae</strong></span> <span class='ocrx_word' id='word_1_83' title='bbox 896 1341 1022 1400; x_wconf 82' lang='lat' dir='ltr'><strong>Ovidius</strong></span> <span class='ocrx_word' id='word_1_84' title='bbox 1039 1342 1078 1400; x_wconf 87' lang='lat' dir='ltr'><strong>de</strong></span> <span class='ocrx_word' id='word_1_85' title='bbox 1096 1361 1150 1400; x_wconf 87' lang='lat' dir='ltr'><strong>suo</strong></span> <span class='ocrx_word' id='word_1_86' title='bbox 1167 1342 1293 1412; x_wconf 86' lang='lat' dir='ltr'><strong>addidit,</strong></span> 
     </span>
     <span class='ocr_line' id='line_1_11' title="bbox 143 1448 1292 1524; baseline 0.004 -22"><span class='ocrx_word' id='word_1_87' title='bbox 143 1448 338 1523; x_wconf 84' lang='lat' dir='ltr'><strong>mythographo</strong></span> <span class='ocrx_word' id='word_1_88' title='bbox 361 1458 533 1523; x_wconf 81' lang='lat' dir='ltr'><strong>comparato</strong></span> <span class='ocrx_word' id='word_1_89' title='bbox 553 1448 731 1524; x_wconf 90' lang='lat' dir='ltr'><strong>investigare</strong></span> <span class='ocrx_word' id='word_1_90' title='bbox 755 1467 923 1523; x_wconf 83' lang='lat' dir='ltr'><strong>possumus,</strong></span> <span class='ocrx_word' id='word_1_91' title='bbox 973 1448 1069 1505; x_wconf 89' lang='lat' dir='ltr'><strong>Huius</strong></span> <span class='ocrx_word' id='word_1_92' title='bbox 1094 1449 1185 1507; x_wconf 91' lang='lat' dir='ltr'><strong>verba</strong></span> <span class='ocrx_word' id='word_1_93' title='bbox 1209 1461 1292 1508; x_wconf 86' lang='lat' dir='ltr'><strong>sunt:</strong></span> 
     </span>
     <span class='ocr_line' id='line_1_12' title="bbox 137 1554 1292 1630; baseline 0.003 -19"><span class='ocrx_word' id='word_1_94' title='bbox 137 1554 229 1627; x_wconf 77' lang='lat' dir='ltr'><strong>lieno..</strong></span> <span class='ocrx_word' id='word_1_95' title='bbox 256 1601 261 1612; x_wconf 94' lang='lat'><strong>.</strong></span> <span class='ocrx_word' id='word_1_96' title='bbox 290 1602 295 1612; x_wconf 92' lang='lat'><strong>.</strong></span> <span class='ocrx_word' id='word_1_97' title='bbox 320 1564 469 1630; x_wconf 79' lang='lat' dir='ltr'><strong>serpentem</strong></span> <span class='ocrx_word' id='word_1_98' title='bbox 493 1557 522 1612; x_wconf 80' lang='lat' dir='ltr'><strong>ier</strong></span> <span class='ocrx_word' id='word_1_99' title='bbox 546 1575 652 1630; x_wconf 77' lang='lat' dir='ltr'><strong>(equam</strong></span> <span class='ocrx_word' id='word_1_100' title='bbox 678 1557 762 1624; x_wconf 82' lang='lat' dir='ltr'><strong>eree&#39;se&#39;t,</strong></span> <span class='ocrx_word' id='word_1_101' title='bbox 779 1575 851 1629; x_wconf 82' lang='lat' dir='ltr'><strong>qreae</strong></span> <span class='ocrx_word' id='word_1_102' title='bbox 873 1575 934 1612; x_wconf 83' lang='lat' dir='ltr'><strong>eam</strong></span> <span class='ocrx_word' id='word_1_103' title='bbox 959 1558 1125 1625; x_wconf 69' lang='lat' dir='ltr'><strong>terebravit,</strong></span> <span class='ocrx_word' id='word_1_104' title='bbox 1147 1556 1184 1614; x_wconf 88' lang='lat' dir='ltr'><strong>cf.</strong></span> <span class='ocrx_word' id='word_1_105' title='bbox 1203 1557 1292 1615; x_wconf 91' lang='lat' dir='ltr'><strong>Ovid.</strong></span> 
     </span>
     <span class='ocr_line' id='line_1_13' title="bbox 142 1663 1296 1737; baseline 0.006 -23"><span class='ocrx_word' id='word_1_106' title='bbox 142 1679 220 1719; x_wconf 85' lang='lat' dir='ltr'><strong>uersus</strong></span> <span class='ocrx_word' id='word_1_107' title='bbox 245 1679 317 1737; x_wconf 85' lang='lat'><strong>534.</strong></span> <span class='ocrx_word' id='word_1_108' title='bbox 324 1678 338 1737; x_wconf 90' lang='lat'><strong>5</strong></span> <span class='ocrx_word' id='word_1_109' title='bbox 345 1682 361 1736; x_wconf 82' lang='lat'>3</span> <span class='ocrx_word' id='word_1_110' title='bbox 368 1679 382 1737; x_wconf 87' lang='lat'><strong>5</strong></span> <span class='ocrx_word' id='word_1_111' title='bbox 410 1663 543 1736; x_wconf 74' lang='lat' dir='ltr'><strong>utiliaque</strong></span> <span class='ocrx_word' id='word_1_112' title='bbox 570 1663 685 1719; x_wconf 80' lang='lat' dir='ltr'><strong>e&#39;ereeeltos</strong></span> <span class='ocrx_word' id='word_1_113' title='bbox 700 1670 854 1737; x_wconf 73' lang='lat' dir='ltr'><strong>serpentum</strong></span> <span class='ocrx_word' id='word_1_114' title='bbox 879 1663 968 1719; x_wconf 83' lang='lat' dir='ltr'><strong>multa</strong></span> <span class='ocrx_word' id='word_1_115' title='bbox 994 1670 1051 1736; x_wconf 80' lang='lat' dir='ltr'><strong>per</strong></span> <span class='ocrx_word' id='word_1_116' title='bbox 1080 1682 1164 1736; x_wconf 82' lang='lat' dir='ltr'><strong>agros</strong></span> <span class='ocrx_word' id='word_1_117' title='bbox 1187 1683 1296 1721; x_wconf 81' lang='lat' dir='ltr'><strong>errasse</strong></span> 
     </span>
     <span class='ocr_line' id='line_1_14' title="bbox 143 1769 1295 1845; baseline 0.004 -22"><span class='ocrx_word' id='word_1_118' title='bbox 143 1775 207 1841; x_wconf 75' lang='lat' dir='ltr'><strong>utque</strong></span> <span class='ocrx_word' id='word_1_119' title='bbox 237 1771 296 1825; x_wconf 78' lang='lat' dir='ltr'><strong>seris</strong></span> <span class='ocrx_word' id='word_1_120' title='bbox 321 1770 431 1842; x_wconf 76' lang='lat' dir='ltr'><strong>flavios</strong></span> <span class='ocrx_word' id='word_1_121' title='bbox 465 1777 610 1826; x_wconf 78' lang='lat' dir='ltr'><strong>temerasse</strong></span> <span class='ocrx_word' id='word_1_122' title='bbox 642 1771 760 1827; x_wconf 78' lang='lat' dir='ltr'><strong>venereis.</strong></span> <span class='ocrx_word' id='word_1_123' title='bbox 808 1769 899 1844; x_wconf 87' lang='lat' dir='ltr'><strong>Apud</strong></span> <span class='ocrx_word' id='word_1_124' title='bbox 932 1770 1181 1844; x_wconf 88' lang='lat' dir='ltr'><strong>mythographum</strong></span> <span class='ocrx_word' id='word_1_125' title='bbox 1217 1789 1295 1845; x_wconf 88' lang='lat' dir='ltr'><strong>aqua</strong></span> 
     </span>
     <span class='ocr_line' id='line_1_15' title="bbox 143 1875 1294 1952; baseline 0.006 -25"><span class='ocrx_word' id='word_1_126' title='bbox 143 1877 242 1933; x_wconf 83' lang='lat' dir='ltr'><strong>uenenis</strong></span> <span class='ocrx_word' id='word_1_127' title='bbox 267 1875 423 1950; x_wconf 87' lang='lat' dir='ltr'><strong>inquinata</strong></span> <span class='ocrx_word' id='word_1_128' title='bbox 448 1887 491 1934; x_wconf 92' lang='lat' dir='ltr'><strong>est</strong></span> <span class='ocrx_word' id='word_1_129' title='bbox 516 1877 578 1934; x_wconf 88' lang='lat' dir='ltr'><strong>sola</strong></span> <span class='ocrx_word' id='word_1_130' title='bbox 604 1876 792 1951; x_wconf 82' lang='lat' dir='ltr'><strong>pestilentiae</strong></span> <span class='ocrx_word' id='word_1_131' title='bbox 826 1895 924 1947; x_wconf 88' lang='lat' dir='ltr'><strong>causa,</strong></span> <span class='ocrx_word' id='word_1_132' title='bbox 951 1877 1031 1951; x_wconf 90' lang='lat' dir='ltr'><strong>apud</strong></span> <span class='ocrx_word' id='word_1_133' title='bbox 1064 1877 1216 1947; x_wconf 89' lang='lat' dir='ltr'><strong>Ovidium,</strong></span> <span class='ocrx_word' id='word_1_134' title='bbox 1243 1877 1294 1952; x_wconf 91' lang='lat' dir='ltr'><strong>qui</strong></span> 
     </span>
     <span class='ocr_line' id='line_1_16' title="bbox 144 1983 1292 2058; baseline 0.005 -23"><span class='ocrx_word' id='word_1_135' title='bbox 144 1991 271 2052; x_wconf 84' lang='lat' dir='ltr'><strong>praeterea</strong></span> <span class='ocrx_word' id='word_1_136' title='bbox 288 2002 443 2040; x_wconf 89' lang='lat' dir='ltr'><strong>numerum</strong></span> <span class='ocrx_word' id='word_1_137' title='bbox 462 1984 642 2058; x_wconf 85' lang='lat' dir='ltr'><strong>serpentium</strong></span> <span class='ocrx_word' id='word_1_138' title='bbox 666 1984 838 2058; x_wconf 87' lang='lat' dir='ltr'><strong>amplificat,</strong></span> <span class='ocrx_word' id='word_1_139' title='bbox 856 2003 916 2040; x_wconf 92' lang='lat' dir='ltr'><strong>una</strong></span> <span class='ocrx_word' id='word_1_140' title='bbox 937 2002 972 2042; x_wconf 89' lang='lat' dir='ltr'><strong>ex</strong></span> <span class='ocrx_word' id='word_1_141' title='bbox 996 1983 1105 2053; x_wconf 74' lang='lat' dir='ltr'><strong>multia,</strong></span> <span class='ocrx_word' id='word_1_142' title='bbox 1124 2003 1202 2058; x_wconf 88' lang='lat' dir='ltr'><strong>quae</strong></span> <span class='ocrx_word' id='word_1_143' title='bbox 1225 2003 1292 2042; x_wconf 90' lang='lat' dir='ltr'><strong>eam</strong></span> 
     </span>
     <span class='ocr_line' id='line_1_17' title="bbox 144 2089 1292 2165; baseline 0.006 -24"><span class='ocrx_word' id='word_1_144' title='bbox 144 2089 262 2148; x_wconf 80' lang='lat' dir='ltr'><strong>excitasse</strong></span> <span class='ocrx_word' id='word_1_145' title='bbox 286 2090 433 2148; x_wconf 87' lang='lat' dir='ltr'><strong>dicuntur.</strong></span> <span class='ocrx_word' id='word_1_146' title='bbox 480 2091 545 2148; x_wconf 88' lang='lat' dir='ltr'><strong>Nec</strong></span> <span class='ocrx_word' id='word_1_147' title='bbox 562 2091 685 2148; x_wconf 88' lang='lat' dir='ltr'><strong>dubium</strong></span> <span class='ocrx_word' id='word_1_148' title='bbox 711 2100 764 2158; x_wconf 86' lang='lat' dir='ltr'><strong>est,</strong></span> <span class='ocrx_word' id='word_1_149' title='bbox 783 2090 855 2165; x_wconf 87' lang='lat' dir='ltr'><strong>quin</strong></span> <span class='ocrx_word' id='word_1_150' title='bbox 880 2090 929 2148; x_wconf 91' lang='lat' dir='ltr'><strong>ille</strong></span> <span class='ocrx_word' id='word_1_151' title='bbox 946 2090 1123 2165; x_wconf 88' lang='lat' dir='ltr'><strong>hypothesin</strong></span> <span class='ocrx_word' id='word_1_152' title='bbox 1142 2091 1292 2148; x_wconf 86' lang='lat' dir='ltr'><strong>Graecam</strong></span> 
     </span>
     <span class='ocr_line' id='line_1_18' title="bbox 144 2197 1293 2273; baseline 0.006 -25"><span class='ocrx_word' id='word_1_153' title='bbox 144 2197 287 2254; x_wconf 84' lang='lat' dir='ltr'><strong>accuratius</strong></span> <span class='ocrx_word' id='word_1_154' title='bbox 312 2198 429 2266; x_wconf 90' lang='lat' dir='ltr'><strong>reddat,</strong></span> <span class='ocrx_word' id='word_1_155' title='bbox 455 2216 543 2272; x_wconf 88' lang='lat' dir='ltr'><strong>quarn</strong></span> <span class='ocrx_word' id='word_1_156' title='bbox 570 2198 706 2266; x_wconf 75' lang='lat' dir='ltr'><strong>OvidiuS,</strong></span> <span class='ocrx_word' id='word_1_157' title='bbox 732 2198 844 2272; x_wconf 88' lang='lat' dir='ltr'><strong>quippe</strong></span> <span class='ocrx_word' id='word_1_158' title='bbox 868 2197 918 2272; x_wconf 87' lang='lat' dir='ltr'><strong>qui</strong></span> <span class='ocrx_word' id='word_1_159' title='bbox 943 2197 972 2254; x_wconf 92' lang='lat' dir='ltr'><strong>in</strong></span> <span class='ocrx_word' id='word_1_160' title='bbox 997 2197 1167 2273; x_wconf 89' lang='lat' dir='ltr'><strong>pestilentia</strong></span> <span class='ocrx_word' id='word_1_161' title='bbox 1191 2198 1293 2273; x_wconf 90' lang='lat' dir='ltr'><strong>depin·</strong></span> 
     </span>
     <span class='ocr_line' id='line_1_19' title="bbox 143 2298 856 2382; baseline 0.008 -25"><span class='ocrx_word' id='word_1_162' title='bbox 143 2304 219 2371; x_wconf 80' lang='lat' dir='ltr'><strong>gerula</strong></span> <span class='ocrx_word' id='word_1_163' title='bbox 243 2323 310 2361; x_wconf 91' lang='lat' dir='ltr'><strong>cum</strong></span> <span class='ocrx_word' id='word_1_164' title='bbox 336 2305 474 2362; x_wconf 88' lang='lat' dir='ltr'><strong>Lucretio</strong></span> <span class='ocrx_word' id='word_1_165' title='bbox 499 2315 527 2362; x_wconf 91' lang='lat' dir='ltr'><strong>et</strong></span> <span class='ocrx_word' id='word_1_166' title='bbox 552 2305 687 2380; x_wconf 90' lang='lat' dir='ltr'><strong>Vergilio</strong></span> <span class='ocrx_word' id='word_1_167' title='bbox 712 2315 813 2363; x_wconf 86' lang='lat' dir='ltr'><strong>certet.</strong></span> <span class='ocrx_word' id='word_1_168' title='bbox 830 2298 856 2382; x_wconf 75' lang='grc'><strong>2)</strong></span> 
     </span>
    </p>
   </div>
   <div class='ocr_carea' id='block_1_5' title="bbox 138 2428 1292 3687">
    <p class='ocr_par' dir='ltr' id='par_1_5' title="bbox 138 2428 1292 3578">
     <span class='ocr_line' id='line_1_20' title="bbox 227 2428 1290 2505; baseline 0.006 -20"><span class='ocrx_word' id='word_1_169' title='bbox 227 2428 376 2486; x_wconf 89' lang='lat' dir='ltr'><strong>Procridis</strong></span> <span class='ocrx_word' id='word_1_170' title='bbox 400 2430 512 2498; x_wconf 83' lang='lat' dir='ltr'><strong>sabula,</strong></span> <span class='ocrx_word' id='word_1_171' title='bbox 531 2449 621 2504; x_wconf 90' lang='lat' dir='ltr'><strong>quam</strong></span> <span class='ocrx_word' id='word_1_172' title='bbox 639 2430 776 2505; x_wconf 84' lang='lat' dir='ltr'><strong>Hyginus</strong></span> <span class='ocrx_word' id='word_1_173' title='bbox 801 2431 830 2487; x_wconf 95' lang='lat' dir='ltr'><strong>in</strong></span> <span class='ocrx_word' id='word_1_174' title='bbox 853 2430 952 2505; x_wconf 87' lang='lat' dir='ltr'><strong>capite</strong></span> <span class='ocrx_word' id='word_1_175' title='bbox 981 2434 1050 2504; x_wconf 84' lang='lat'><strong>189,</strong></span> <span class='ocrx_word' id='word_1_176' title='bbox 1069 2430 1195 2489; x_wconf 87' lang='lat' dir='ltr'><strong>Ovidius</strong></span> <span class='ocrx_word' id='word_1_177' title='bbox 1220 2442 1290 2491; x_wconf 90' lang='lat' dir='ltr'><strong>met.</strong></span> 
     </span>
     <span class='ocr_line' id='line_1_21' title="bbox 144 2531 1291 2613; baseline 0.005 -23"><span class='ocrx_word' id='word_1_178' title='bbox 144 2531 192 2604; x_wconf 86' lang='lat' dir='ltr'><strong>VII,</strong></span> <span class='ocrx_word' id='word_1_179' title='bbox 215 2539 385 2611; x_wconf 85' lang='lat'>661-865</span> <span class='ocrx_word' id='word_1_180' title='bbox 413 2538 546 2611; x_wconf 87' lang='lat' dir='ltr'><strong>praebet,</strong></span> <span class='ocrx_word' id='word_1_181' title='bbox 573 2557 755 2612; x_wconf 86' lang='lat' dir='ltr'><strong>quamquam</strong></span> <span class='ocrx_word' id='word_1_182' title='bbox 781 2537 1015 2613; x_wconf 88' lang='lat' dir='ltr'><strong>mythographus</strong></span> <span class='ocrx_word' id='word_1_183' title='bbox 1040 2538 1158 2596; x_wconf 89' lang='lat' dir='ltr'><strong>uberius</strong></span> <span class='ocrx_word' id='word_1_184' title='bbox 1182 2547 1291 2608; x_wconf 89' lang='lat' dir='ltr'><strong>narrat,</strong></span> 
     </span>
     <span class='ocr_line' id='line_1_22' title="bbox 142 2635 1292 2721; baseline 0.004 -25"><span class='ocrx_word' id='word_1_185' title='bbox 142 2635 171 2696; x_wconf 85' lang='lat' dir='ltr'><strong>lta</strong></span> <span class='ocrx_word' id='word_1_186' title='bbox 190 2644 265 2717; x_wconf 91' lang='lat' dir='ltr'><strong>apud</strong></span> <span class='ocrx_word' id='word_1_187' title='bbox 300 2653 458 2717; x_wconf 87' lang='lat' dir='ltr'><strong>utrumque</strong></span> <span class='ocrx_word' id='word_1_188' title='bbox 482 2645 641 2715; x_wconf 89' lang='lat' dir='ltr'><strong>consentit,</strong></span> <span class='ocrx_word' id='word_1_189' title='bbox 667 2655 698 2702; x_wconf 92' lang='lat' dir='ltr'><strong>ut</strong></span> <span class='ocrx_word' id='word_1_190' title='bbox 722 2644 853 2719; x_wconf 92' lang='lat' dir='ltr'><strong>Langius</strong></span> <span class='ocrx_word' id='word_1_191' title='bbox 878 2645 916 2702; x_wconf 92' lang='lat' dir='ltr'><strong>de</strong></span> <span class='ocrx_word' id='word_1_192' title='bbox 940 2663 1019 2702; x_wconf 86' lang='lat' dir='ltr'><strong>nexu</strong></span> <span class='ocrx_word' id='word_1_193' title='bbox 1041 2664 1070 2721; x_wconf 91' lang='lat' dir='ltr'><strong>p.</strong></span> <span class='ocrx_word' id='word_1_194' title='bbox 1107 2662 1145 2720; x_wconf 85' lang='lat'><strong>53</strong></span> <span class='ocrx_word' id='word_1_195' title='bbox 1171 2655 1292 2720; x_wconf 90' lang='lat' dir='ltr'><strong>poetam</strong></span> 
     </span>
     <span class='ocr_line' id='line_1_23' title="bbox 142 2752 1292 2827; baseline 0.01 -28"><span class='ocrx_word' id='word_1_196' title='bbox 142 2761 191 2806; x_wconf 84' lang='lat' dir='ltr'><strong>eam</strong></span> <span class='ocrx_word' id='word_1_197' title='bbox 212 2770 331 2826; x_wconf 85' lang='lat' dir='ltr'><strong>quoque</strong></span> <span class='ocrx_word' id='word_1_198' title='bbox 355 2769 372 2808; x_wconf 90' lang='lat' dir='ltr'><strong>e</strong></span> <span class='ocrx_word' id='word_1_199' title='bbox 396 2753 688 2810; x_wconf 86' lang='lat' dir='ltr'><strong>transformationum</strong></span> <span class='ocrx_word' id='word_1_200' title='bbox 712 2752 789 2810; x_wconf 92' lang='lat' dir='ltr'><strong>libro</strong></span> <span class='ocrx_word' id='word_1_201' title='bbox 814 2752 989 2827; x_wconf 89' lang='lat' dir='ltr'><strong>Hyginiano</strong></span> <span class='ocrx_word' id='word_1_202' title='bbox 1013 2753 1175 2827; x_wconf 90' lang='lat' dir='ltr'><strong>sumpsisse</strong></span> <span class='ocrx_word' id='word_1_203' title='bbox 1199 2753 1292 2810; x_wconf 90' lang='lat' dir='ltr'><strong>credi·</strong></span> 
     </span>
     <span class='ocr_line' id='line_1_24' title="bbox 140 2851 1292 2934; baseline 0.008 -26"><span class='ocrx_word' id='word_1_204' title='bbox 140 2851 205 2914; x_wconf 82' lang='lat' dir='ltr'><strong>derit.</strong></span> <span class='ocrx_word' id='word_1_205' title='bbox 252 2859 344 2915; x_wconf 91' lang='lat' dir='ltr'><strong>Cuius</strong></span> <span class='ocrx_word' id='word_1_206' title='bbox 379 2859 500 2932; x_wconf 64' lang='lat' dir='ltr'><strong>(guidem</strong></span> <span class='ocrx_word' id='word_1_207' title='bbox 535 2860 639 2934; x_wconf 90' lang='lat' dir='ltr'><strong>opinio</strong></span> <span class='ocrx_word' id='word_1_208' title='bbox 672 2861 718 2917; x_wconf 92' lang='lat' dir='ltr'><strong>vel</strong></span> <span class='ocrx_word' id='word_1_209' title='bbox 752 2878 788 2917; x_wconf 90' lang='lat' dir='ltr'><strong>eo</strong></span> <span class='ocrx_word' id='word_1_210' title='bbox 822 2859 1016 2933; x_wconf 87' lang='lat' dir='ltr'><strong>redarguitur,</strong></span> <span class='ocrx_word' id='word_1_211' title='bbox 1049 2860 1130 2934; x_wconf 92' lang='lat' dir='ltr'><strong>quod</strong></span> <span class='ocrx_word' id='word_1_212' title='bbox 1166 2859 1292 2920; x_wconf 90' lang='lat' dir='ltr'><strong>Ovidius</strong></span> 
     </span>
     <span class='ocr_line' id='line_1_25' title="bbox 141 2960 1292 3042; baseline 0.007 -26"><span class='ocrx_word' id='word_1_213' title='bbox 141 2963 273 3038; x_wconf 82' lang='lat' dir='ltr'><strong>antiquum</strong></span> <span class='ocrx_word' id='word_1_214' title='bbox 303 2960 475 3042; x_wconf 71' lang='lat' dir='ltr'><strong>mython-1³)</strong></span> <span class='ocrx_word' id='word_1_215' title='bbox 508 2977 626 3024; x_wconf 85' lang='lat' dir='ltr'><strong>secutus</strong></span> <span class='ocrx_word' id='word_1_216' title='bbox 660 2968 825 3042; x_wconf 87' lang='lat' dir='ltr'><strong>Cephalum</strong></span> <span class='ocrx_word' id='word_1_217' title='bbox 859 2967 896 3023; x_wconf 91' lang='lat' dir='ltr'><strong>ab</strong></span> <span class='ocrx_word' id='word_1_218' title='bbox 928 2970 1044 3024; x_wconf 87' lang='lat' dir='ltr'><strong>Aurora</strong></span> <span class='ocrx_word' id='word_1_219' title='bbox 1078 2977 1193 3042; x_wconf 89' lang='lat' dir='ltr'><strong>raptum</strong></span> <span class='ocrx_word' id='word_1_220' title='bbox 1227 2985 1292 3024; x_wconf 90' lang='lat' dir='ltr'><strong>esse</strong></span> 
     </span>
     <span class='ocr_line' id='line_1_26' title="bbox 140 3073 1292 3150; baseline 0.003 -25"><span class='ocrx_word' id='word_1_221' title='bbox 140 3082 227 3142; x_wconf 77' lang='lat' dir='ltr'><strong>narrat,</strong></span> <span class='ocrx_word' id='word_1_222' title='bbox 253 3073 283 3130; x_wconf 96' lang='lat' dir='ltr'><strong>id</strong></span> <span class='ocrx_word' id='word_1_223' title='bbox 309 3074 390 3148; x_wconf 92' lang='lat' dir='ltr'><strong>quod</strong></span> <span class='ocrx_word' id='word_1_224' title='bbox 410 3075 548 3150; x_wconf 89' lang='lat' dir='ltr'><strong>Hyginus</strong></span> <span class='ocrx_word' id='word_1_225' title='bbox 573 3075 689 3132; x_wconf 90' lang='lat' dir='ltr'><strong>omittit.</strong></span> <span class='ocrx_word' id='word_1_226' title='bbox 738 3075 876 3133; x_wconf 85' lang='lat' dir='ltr'><strong>Ceterum</strong></span> <span class='ocrx_word' id='word_1_227' title='bbox 892 3074 984 3132; x_wconf 90' lang='lat' dir='ltr'><strong>verba</strong></span> <span class='ocrx_word' id='word_1_228' title='bbox 1000 3075 1088 3131; x_wconf 79' lang='lat' dir='ltr'><strong>recede</strong></span> <span class='ocrx_word' id='word_1_229' title='bbox 1103 3074 1135 3130; x_wconf 86' lang='lat' dir='ltr'><strong>ele</strong></span> <span class='ocrx_word' id='word_1_230' title='bbox 1157 3075 1207 3130; x_wconf 83' lang='lat' dir='ltr'><strong>lroe</strong></span> <span class='ocrx_word' id='word_1_231' title='bbox 1220 3080 1292 3130; x_wconf 79' lang='lat' dir='ltr'><strong>caelu</strong></span> 
     </span>
     <span class='ocr_line' id='line_1_27' title="bbox 140 3181 1291 3256; baseline -0.001 -19"><span class='ocrx_word' id='word_1_232' title='bbox 140 3190 165 3231; x_wconf 68' lang='lat' dir='ltr'><strong>tx</strong></span> <span class='ocrx_word' id='word_1_233' title='bbox 184 3181 235 3237; x_wconf 85' lang='lat' dir='ltr'><strong>Ou.</strong></span> <span class='ocrx_word' id='word_1_234' title='bbox 263 3191 331 3238; x_wconf 89' lang='lat' dir='ltr'><strong>met.</strong></span> <span class='ocrx_word' id='word_1_235' title='bbox 359 3182 395 3247; x_wconf 93' lang='lat' dir='ltr'><strong>II,</strong></span> <span class='ocrx_word' id='word_1_236' title='bbox 423 3184 483 3256; x_wconf 78' lang='lat'><strong>465</strong></span> <span class='ocrx_word' id='word_1_237' title='bbox 511 3181 699 3256; x_wconf 90' lang='lat' dir='ltr'><strong>deprompta,</strong></span> <span class='ocrx_word' id='word_1_238' title='bbox 717 3181 741 3238; x_wconf 91' lang='lat' dir='ltr'><strong>si</strong></span> <span class='ocrx_word' id='word_1_239' title='bbox 759 3181 897 3256; x_wconf 91' lang='lat' dir='ltr'><strong>Micyllus</strong></span> <span class='ocrx_word' id='word_1_240' title='bbox 922 3191 1010 3251; x_wconf 89' lang='lat' dir='ltr'><strong>recte,</strong></span> <span class='ocrx_word' id='word_1_241' title='bbox 1028 3190 1060 3237; x_wconf 90' lang='lat' dir='ltr'><strong>ut</strong></span> <span class='ocrx_word' id='word_1_242' title='bbox 1077 3181 1201 3249; x_wconf 89' lang='lat' dir='ltr'><strong>videtur,</strong></span> <span class='ocrx_word' id='word_1_243' title='bbox 1219 3187 1291 3237; x_wconf 82' lang='lat' dir='ltr'><strong>coetee</strong></span> 
     </span>
     <span class='ocr_line' id='line_1_28' title="bbox 139 3287 1291 3363; baseline 0.003 -22"><span class='ocrx_word' id='word_1_244' title='bbox 139 3297 179 3351; x_wconf 73' lang='lat' dir='ltr'><strong>ltro</strong></span> <span class='ocrx_word' id='word_1_245' title='bbox 206 3296 234 3344; x_wconf 83' lang='lat' dir='ltr'><strong>tze</strong></span> <span class='ocrx_word' id='word_1_246' title='bbox 264 3288 444 3356; x_wconf 83' lang='lat' dir='ltr'><strong>emendavit,</strong></span> <span class='ocrx_word' id='word_1_247' title='bbox 482 3289 520 3345; x_wconf 90' lang='lat' dir='ltr'><strong>ad</strong></span> <span class='ocrx_word' id='word_1_248' title='bbox 552 3298 683 3346; x_wconf 86' lang='lat' dir='ltr'><strong>nostram</strong></span> <span class='ocrx_word' id='word_1_249' title='bbox 717 3287 924 3363; x_wconf 86' lang='lat' dir='ltr'><strong>quaestionem</strong></span> <span class='ocrx_word' id='word_1_250' title='bbox 958 3307 1021 3345; x_wconf 89' lang='lat' dir='ltr'><strong>non</strong></span> <span class='ocrx_word' id='word_1_251' title='bbox 1052 3297 1197 3362; x_wconf 87' lang='lat' dir='ltr'><strong>spectant,</strong></span> <span class='ocrx_word' id='word_1_252' title='bbox 1223 3305 1291 3344; x_wconf 89' lang='lat' dir='ltr'><strong>cum</strong></span> 
     </span>
     <span class='ocr_line' id='line_1_29' title="bbox 138 3394 1289 3471; baseline 0.002 -23"><span class='ocrx_word' id='word_1_253' title='bbox 138 3404 183 3448; x_wconf 73' lang='lat' dir='ltr'><strong>tlon</strong></span> <span class='ocrx_word' id='word_1_254' title='bbox 212 3396 353 3463; x_wconf 87' lang='lat' dir='ltr'><strong>fabulam,</strong></span> <span class='ocrx_word' id='word_1_255' title='bbox 389 3396 489 3470; x_wconf 83' lang='lat' dir='ltr'><strong>quade</strong></span> <span class='ocrx_word' id='word_1_256' title='bbox 522 3396 626 3471; x_wconf 87' lang='lat' dir='ltr'><strong>agitur,</strong></span> <span class='ocrx_word' id='word_1_257' title='bbox 654 3396 835 3454; x_wconf 81' lang='lat' dir='ltr'><strong>Ouidianum</strong></span> <span class='ocrx_word' id='word_1_258' title='bbox 869 3396 1038 3471; x_wconf 88' lang='lat' dir='ltr'><strong>respiciant,</strong></span> <span class='ocrx_word' id='word_1_259' title='bbox 1075 3395 1127 3452; x_wconf 90' lang='lat' dir='ltr'><strong>sed</strong></span> <span class='ocrx_word' id='word_1_260' title='bbox 1163 3414 1199 3453; x_wconf 87' lang='lat' dir='ltr'><strong>ex</strong></span> <span class='ocrx_word' id='word_1_261' title='bbox 1230 3394 1289 3452; x_wconf 90' lang='lat' dir='ltr'><strong>alio</strong></span> 
     </span>
     <span class='ocr_line' id='line_1_30' title="bbox 138 3503 740 3578; baseline 0.008 -24"><span class='ocrx_word' id='word_1_262' title='bbox 138 3504 399 3578; x_wconf 77' lang='lat' dir='ltr'><strong>metamorphoseon</strong></span> <span class='ocrx_word' id='word_1_263' title='bbox 423 3504 491 3559; x_wconf 90' lang='lat' dir='ltr'><strong>loco</strong></span> <span class='ocrx_word' id='word_1_264' title='bbox 517 3505 650 3561; x_wconf 79' lang='lat' dir='ltr'><strong>admixta</strong></span> <span class='ocrx_word' id='word_1_265' title='bbox 674 3503 740 3560; x_wconf 88' lang='lat' dir='ltr'><strong>sint.</strong></span> 
     </span>
    </p>

    <p class='ocr_par' dir='ltr' id='par_1_6' title="bbox 224 3611 1289 3687">
     <span class='ocr_line' id='line_1_31' title="bbox 224 3611 1289 3687; baseline 0.001 -20"><span class='ocrx_word' id='word_1_266' title='bbox 224 3611 315 3668; x_wconf 93' lang='lat' dir='ltr'><strong>Haud</strong></span> <span class='ocrx_word' id='word_1_267' title='bbox 340 3629 425 3668; x_wconf 90' lang='lat' dir='ltr'><strong>secus</strong></span> <span class='ocrx_word' id='word_1_268' title='bbox 457 3630 502 3668; x_wconf 89' lang='lat' dir='ltr'><strong>res</strong></span> <span class='ocrx_word' id='word_1_269' title='bbox 536 3631 567 3669; x_wconf 91' lang='lat' dir='ltr'><strong>se</strong></span> <span class='ocrx_word' id='word_1_270' title='bbox 591 3612 682 3669; x_wconf 89' lang='lat' dir='ltr'><strong>habet</strong></span> <span class='ocrx_word' id='word_1_271' title='bbox 717 3611 747 3668; x_wconf 95' lang='lat' dir='ltr'><strong>in</strong></span> <span class='ocrx_word' id='word_1_272' title='bbox 782 3612 880 3687; x_wconf 89' lang='lat' dir='ltr'><strong>capite</strong></span> <span class='ocrx_word' id='word_1_273' title='bbox 913 3614 963 3686; x_wconf 87' lang='lat'><strong>58,</strong></span> <span class='ocrx_word' id='word_1_274' title='bbox 989 3611 1071 3685; x_wconf 87' lang='lat' dir='ltr'><strong>quod</strong></span> <span class='ocrx_word' id='word_1_275' title='bbox 1100 3611 1138 3668; x_wconf 88' lang='lat' dir='ltr'><strong>de</strong></span> <span class='ocrx_word' id='word_1_276' title='bbox 1163 3612 1289 3685; x_wconf 83' lang='lat' dir='ltr'><strong>Smyrna</strong></span> 
     </span>
    </p>
   </div>
   <div class='ocr_carea' id='block_1_6' title="bbox 139 3794 432 3812">
    <p class='ocr_par' dir='ltr' id='par_1_7' title="bbox 139 3794 432 3812">
     <span class='ocr_line' id='line_1_32' title="bbox 139 3794 432 3812; baseline 0.017 -4"><span class='ocrx_word' id='word_1_277' title='bbox 139 3794 432 3812; x_wconf 30' lang='lat' dir='ltr'>NQ-.-..-.-—--—-</span> 
     </span>
    </p>
   </div>
   <div class='ocr_carea' id='block_1_7' title="bbox 135 3925 1288 4534">
    <p class='ocr_par' dir='ltr' id='par_1_8' title="bbox 135 3925 1288 4342">
     <span class='ocr_line' id='line_1_33' title="bbox 225 3925 517 3993; baseline 0 -17"><span class='ocrx_word' id='word_1_278' title='bbox 225 3925 244 3993; x_wconf 84' lang='lat'><strong>¹)</strong></span> <span class='ocrx_word' id='word_1_279' title='bbox 265 3929 314 3978; x_wconf 90' lang='lat' dir='ltr'><strong>Ov.</strong></span> <span class='ocrx_word' id='word_1_280' title='bbox 336 3947 360 3977; x_wconf 90' lang='lat' dir='ltr'><strong>v.</strong></span> <span class='ocrx_word' id='word_1_281' title='bbox 385 3939 443 3992; x_wconf 80' lang='lat'><strong>523,</strong></span> <span class='ocrx_word' id='word_1_282' title='bbox 465 3937 517 3990; x_wconf 86' lang='lat'><strong>524</strong></span> 
     </span>
     <span class='ocr_line' id='line_1_34' title="bbox 136 4006 1288 4084; baseline 0.002 -22"><span class='ocrx_word' id='word_1_283' title='bbox 136 4006 192 4062; x_wconf 71' lang='lat' dir='ltr'><strong>(lira</strong></span> <span class='ocrx_word' id='word_1_284' title='bbox 217 4019 291 4067; x_wconf 92' lang='lat' dir='ltr'><strong>lues</strong></span> <span class='ocrx_word' id='word_1_285' title='bbox 319 4019 365 4067; x_wconf 91' lang='lat' dir='ltr'><strong>ira</strong></span> <span class='ocrx_word' id='word_1_286' title='bbox 390 4017 692 4081; x_wconf 86' lang='lat' dir='ltr'><strong>populisJunonis</strong></span> <span class='ocrx_word' id='word_1_287' title='bbox 711 4016 850 4080; x_wconf 87' lang='lat' dir='ltr'><strong>iniquae</strong></span> <span class='ocrx_word' id='word_1_288' title='bbox 869 4017 1010 4084; x_wconf 76' lang='lat' dir='ltr'><strong>incidit,</strong></span> <span class='ocrx_word' id='word_1_289' title='bbox 1034 4033 1154 4065; x_wconf 86' lang='lat' dir='ltr'><strong>exosae</strong></span> <span class='ocrx_word' id='word_1_290' title='bbox 1174 4016 1288 4064; x_wconf 89' lang='lat' dir='ltr'><strong>dietas</strong></span> 
     </span>
     <span class='ocr_line' id='line_1_35' title="bbox 136 4106 1287 4170; baseline 0 -17"><span class='ocrx_word' id='word_1_291' title='bbox 136 4108 281 4161; x_wconf 75' lang='lat' dir='ltr'><strong>apaelice</strong></span> <span class='ocrx_word' id='word_1_292' title='bbox 301 4117 422 4157; x_wconf 90' lang='lat' dir='ltr'><strong>terras.</strong></span> <span class='ocrx_word' id='word_1_293' title='bbox 461 4109 544 4170; x_wconf 86' lang='lat' dir='ltr'><strong>I·Iyg.:</strong></span> <span class='ocrx_word' id='word_1_294' title='bbox 576 4107 713 4170; x_wconf 88' lang='lat' dir='ltr'><strong>Iupiter</strong></span> <span class='ocrx_word' id='word_1_295' title='bbox 742 4121 813 4154; x_wconf 90' lang='lat' dir='ltr'><strong>cum</strong></span> <span class='ocrx_word' id='word_1_296' title='bbox 843 4107 1007 4168; x_wconf 85' lang='lat' dir='ltr'><strong>Aeginam</strong></span> <span class='ocrx_word' id='word_1_297' title='bbox 1035 4107 1146 4169; x_wconf 84' lang='lat' dir='ltr'><strong>llsopi</strong></span> <span class='ocrx_word' id='word_1_298' title='bbox 1175 4106 1287 4154; x_wconf 84' lang='lat' dir='ltr'><strong>titiam</strong></span> 
     </span>
     <span class='ocr_line' id='line_1_36' title="bbox 136 4192 1287 4262; baseline 0 -20"><span class='ocrx_word' id='word_1_299' title='bbox 136 4192 221 4245; x_wconf 74' lang='lat' dir='ltr'><strong>vellet</strong></span> <span class='ocrx_word' id='word_1_300' title='bbox 239 4198 456 4260; x_wconf 89' lang='lat' dir='ltr'><strong>comprimere</strong></span> <span class='ocrx_word' id='word_1_301' title='bbox 476 4205 508 4245; x_wconf 90' lang='lat' dir='ltr'><strong>et</strong></span> <span class='ocrx_word' id='word_1_302' title='bbox 528 4198 700 4244; x_wconf 87' lang='lat' dir='ltr'><strong>Iunonem</strong></span> <span class='ocrx_word' id='word_1_303' title='bbox 721 4204 913 4262; x_wconf 64' lang='lat' dir='ltr'><strong>vereretur,</strong></span> <span class='ocrx_word' id='word_1_304' title='bbox 944 4196 1072 4244; x_wconf 90' lang='lat' dir='ltr'><strong>detulit</strong></span> <span class='ocrx_word' id='word_1_305' title='bbox 1100 4212 1168 4244; x_wconf 90' lang='lat' dir='ltr'><strong>eam</strong></span> <span class='ocrx_word' id='word_1_306' title='bbox 1187 4196 1218 4242; x_wconf 89' lang='lat' dir='ltr'><strong>in</strong></span> <span class='ocrx_word' id='word_1_307' title='bbox 1238 4195 1287 4243; x_wconf 91' lang='lat' dir='ltr'><strong>in·</strong></span> 
     </span>
     <span class='ocr_line' id='line_1_37' title="bbox 135 4281 983 4342; baseline 0.002 -10"><span class='ocrx_word' id='word_1_308' title='bbox 135 4281 218 4334; x_wconf 78' lang='lat' dir='ltr'><strong>Sulam</strong></span> <span class='ocrx_word' id='word_1_309' title='bbox 238 4288 346 4335; x_wconf 89' lang='lat' dir='ltr'><strong>Delon</strong></span> <span class='ocrx_word' id='word_1_310' title='bbox 370 4324 375 4335; x_wconf 94' lang='lat'><strong>.</strong></span> <span class='ocrx_word' id='word_1_311' title='bbox 398 4330 403 4340; x_wconf 87' lang='grc'><strong>,</strong></span> <span class='ocrx_word' id='word_1_312' title='bbox 424 4331 430 4342; x_wconf 82' lang='grc'>,</span> <span class='ocrx_word' id='word_1_313' title='bbox 450 4287 522 4335; x_wconf 87' lang='lat' dir='ltr'><strong>Hoc</strong></span> <span class='ocrx_word' id='word_1_314' title='bbox 541 4287 624 4334; x_wconf 90' lang='lat' dir='ltr'><strong>Iuno</strong></span> <span class='ocrx_word' id='word_1_315' title='bbox 643 4302 717 4334; x_wconf 92' lang='lat' dir='ltr'><strong>cum</strong></span> <span class='ocrx_word' id='word_1_316' title='bbox 736 4285 900 4334; x_wconf 86' lang='lat' dir='ltr'><strong>rescisset</strong></span> <span class='ocrx_word' id='word_1_317' title='bbox 919 4293 983 4334; x_wconf 92' lang='lat' dir='ltr'><strong>etc.</strong></span> 
     </span>
    </p>

    <p class='ocr_par' dir='ltr' id='par_1_9' title="bbox 222 4374 713 4440">
     <span class='ocr_line' id='line_1_38' title="bbox 222 4374 713 4440; baseline 0 -16"><span class='ocrx_word' id='word_1_318' title='bbox 222 4374 240 4440; x_wconf 47' lang='grc' dir='ltr'><strong>Ἰ)</strong></span> <span class='ocrx_word' id='word_1_319' title='bbox 261 4389 296 4436; x_wconf 81' lang='lat' dir='ltr'><strong>cs.</strong></span> <span class='ocrx_word' id='word_1_320' title='bbox 317 4377 427 4440; x_wconf 88' lang='lat' dir='ltr'><strong>Hauptii</strong></span> <span class='ocrx_word' id='word_1_321' title='bbox 446 4385 534 4425; x_wconf 89' lang='lat' dir='ltr'><strong>notam</strong></span> <span class='ocrx_word' id='word_1_322' title='bbox 554 4375 585 4423; x_wconf 90' lang='lat' dir='ltr'><strong>ad</strong></span> <span class='ocrx_word' id='word_1_323' title='bbox 606 4391 630 4424; x_wconf 92' lang='lat' dir='ltr'><strong>v.</strong></span> <span class='ocrx_word' id='word_1_324' title='bbox 654 4385 713 4439; x_wconf 85' lang='lat'><strong>523.</strong></span> 
     </span>
    </p>

    <p class='ocr_par' dir='ltr' id='par_1_10' title="bbox 221 4463 1208 4534">
     <span class='ocr_line' id='line_1_39' title="bbox 221 4463 1208 4534; baseline -0.001 -18"><span class='ocrx_word' id='word_1_325' title='bbox 221 4463 240 4534; x_wconf 80' lang='lat'><strong>³)</strong></span> <span class='ocrx_word' id='word_1_326' title='bbox 258 4467 316 4516; x_wconf 86' lang='lat' dir='ltr'><strong>Eur.</strong></span> <span class='ocrx_word' id='word_1_327' title='bbox 338 4466 446 4530; x_wconf 89' lang='lat' dir='ltr'><strong>Hippol.</strong></span> <span class='ocrx_word' id='word_1_328' title='bbox 466 4475 537 4530; x_wconf 72' lang='lat'><strong>4553</strong></span> <span class='ocrx_word' id='word_1_329' title='bbox 561 4467 657 4520; x_wconf 85' lang='lat' dir='ltr'><strong>Anton.</strong></span> <span class='ocrx_word' id='word_1_330' title='bbox 679 4465 738 4516; x_wconf 87' lang='lat' dir='ltr'><strong>Lib.</strong></span> <span class='ocrx_word' id='word_1_331' title='bbox 761 4477 812 4526; x_wconf 83' lang='lat' dir='ltr'><strong>4r;</strong></span> <span class='ocrx_word' id='word_1_332' title='bbox 835 4464 925 4516; x_wconf 86' lang='lat' dir='ltr'><strong>Preller</strong></span> <span class='ocrx_word' id='word_1_333' title='bbox 943 4481 981 4533; x_wconf 86' lang='lat' dir='ltr'><strong>gr.</strong></span> <span class='ocrx_word' id='word_1_334' title='bbox 1003 4464 1081 4534; x_wconf 88' lang='lat' dir='ltr'><strong>myth.</strong></span> <span class='ocrx_word' id='word_1_335' title='bbox 1103 4464 1127 4514; x_wconf 91' lang='lat' dir='ltr'><strong>II</strong></span> <span class='ocrx_word' id='word_1_336' title='bbox 1150 4464 1208 4527; x_wconf 83' lang='lat'><strong>146.</strong></span> 
     </span>
    </p>
   </div>
   <div class='ocr_carea' id='block_1_8' title="bbox 0 0 1452 5130">
    <p class='ocr_par' dir='ltr' id='par_1_11' title="bbox 0 0 1452 5130">
     <span class='ocr_line' id='line_1_40' title="bbox 0 0 1452 5130; baseline 0 3"><span class='ocrx_word' id='word_1_337' title='bbox 0 0 1452 5130; x_wconf 95' lang='lat' dir='ltr'><strong> </strong></span> 
     </span>
    </p>
   </div>
  </div>
 </body>
</html>
