2896 5130
591 279 847 378 .-φῇ

155 511 207 571 est,
225 500 336 558 collato
360 518 426 556 curn
445 498 545 557 Ovidii
571 509 640 558 met.
667 501 704 566 X,
725 504 905 575 zob—502.
954 500 1031 557 Nam
1049 508 1141 574 poeta
1164 508 1191 557 et
1207 500 1298 574 mytho·

154 608 291 684 graphus,
318 626 384 663 cum
410 607 530 664 fabulae
554 606 699 679 tragicum
729 608 879 680 quendam
905 608 1036 664 colorem
1061 607 1193 676 addunt,
1217 607 1250 664 ita
1267 607 1297 664 ab

155 715 206 784 eiu,
232 734 292 789 qua
317 714 518 790 Apollodorus
548 715 592 769 Ill
621 733 691 785 144
716 714 864 787 Panyasin
898 727 1015 771 secutus
1046 714 1235 789 similiterque
1253 717 1296 770 :ln

154 823 273 880 toninus
290 820 436 878 Liberalis
461 840 500 894 34
526 831 655 889 narrant,
674 821 826 890 recedunt,
848 832 878 878 ut
902 833 1059 896 utrumque
1076 822 1115 879 ad
1133 840 1297 879 communem

155 940 316 998 auctorem,
351 928 401 1002 qui
436 937 503 1003 post
536 928 685 1002 Panyasin
719 928 845 1002 scripsit,
884 929 978 986 redire
1012 929 1073 986 veri
1109 929 1204 987 simile
1235 925 1296 1004 sit¹t

156 1037 311 1110 Smyrnam
336 1034 425 1103 enim,
448 1046 608 1109 antequam
640 1035 733 1092 amori
766 1036 891 1093 scelesto
919 1054 951 1093 se
984 1035 1125 1105 dedisset,
1151 1037 1252 1093 collum
1276 1037 1297 1092 in

154 1145 294 1219 laqueum
319 1142 448 1200 inserere
472 1142 610 1211 voluisse,
645 1143 698 1199 sed
723 1162 740 1199 a
764 1143 876 1200 nutrice
901 1142 1075 1218 impeditam
1105 1163 1171 1202 esse
1194 1145 1297 1202 tradunt.

157 1251 308 1326 Hyginum
335 1260 432 1308 autem
464 1269 524 1306 non
556 1269 590 1307 ex
628 1259 717 1325 poeta
747 1250 878 1324 pendere
906 1250 977 1308 inde
1011 1261 1145 1326 apparet,
1170 1252 1245 1326 quod
1264 1251 1299 1307 ille

156 1378 231 1417 unus
255 1357 338 1416 addit
362 1357 502 1431 superbia
526 1356 720 1414 Cenchreidis
745 1356 844 1413 matris
862 1358 1006 1431 Smyrnae
1030 1357 1104 1414 iram
1129 1359 1247 1416 Veneris
1266 1377 1299 1414 ex·

157 1466 276 1523 citatam
301 1483 375 1523 esse.
423 1464 490 1520 Alia
514 1482 644 1538 quoque,
672 1483 751 1538 quae
775 1464 893 1522 levioris
917 1465 1061 1522 momenti
1085 1475 1162 1535 sunt,
1187 1466 1223 1522 ab
1245 1477 1299 1522 utro·

158 1592 216 1647 qne
233 1571 347 1629 diverse
362 1570 539 1639 indicantur,
558 1583 588 1628 ut
604 1589 714 1629 nomen
733 1572 881 1646 Myrrhae,
900 1573 947 1628 cui
964 1573 1197 1648 mythographus
1213 1590 1299 1630 nomen

158 1682 302 1753 Smyrnae
326 1678 406 1753 apud
429 1677 553 1736 Latinos
587 1677 683 1735 minus
708 1678 844 1736 usitatum
875 1679 935 1749 dat,
969 1690 997 1737 et
1025 1680 1122 1754 patria
1147 1672 1299 1759 Cinyraeffl

158 1788 192 1844 ld
225 1804 294 1844 vero
326 1785 402 1843 inter
435 1803 486 1843 eos
511 1786 660 1856 convenit,
693 1786 775 1860 quod
809 1804 901 1855 atrior,
936 1805 996 1860 quo
1026 1789 1130 1844 Venus
1154 1787 1299 1846 Adoniden

158 1894 404 1969 prosequebatur,
430 1892 502 1948 ultio
527 1892 635 1950 dicitur
659 1893 748 1950 fuisse
773 1893 874 1950 mortis
900 1894 1051 1967 Smyrnae.
1068 1888 1091 1977 ³)

265 2000 403 2057 Vidimus
429 1999 516 2073 igitur
540 2018 652 2057 merum
678 2001 842 2075 argumenti
868 2019 1047 2058 consensum
1065 2002 1241 2060 documento
1255 2016 1299 2057 esse

160 2126 221 2165 non
249 2126 346 2183 posse,
373 2126 433 2180 quo
458 2107 612 2182 Hyginum
636 2107 732 2182 poetis
757 2127 840 2164 usum
866 2126 930 2165 esse
954 2109 1121 2166 necessarie
1145 2110 1299 2166 demonstre-

160 2226 214 2272 tur.
262 2217 307 2270 nc
331 2233 420 2289 supra
445 2214 503 2271 iam
529 2213 656 2271 diximus
681 2214 798 2289 saepius
822 2214 946 2288 vestigia
981 2216 1159 2274 elocutionis
1192 2215 1299 2292 poeticae

160 2322 312 2391 accedere,
331 2331 361 2378 ut
386 2340 446 2378 rem
472 2321 579 2379 certius
603 2321 768 2379 diiudicare
791 2321 887 2379 liceat.
940 2322 1134 2398 Quamquam
1158 2325 1230 2381 haec
1250 2338 1299 2395 quo

161 2448 219 2505 que
243 2429 413 2487 cautissime
437 2428 599 2486 examinari
624 2429 789 2503 oportebit:
815 2430 995 2488 Schmidtius
1020 2431 1100 2488 enim
1128 2431 1158 2487 in
1184 2431 1299 2492 editione,

161 2548 192 2595 ut
216 2537 412 2595 imitationem
437 2546 592 2611 poetarum
617 2536 807 2611 significaret,
832 2538 913 2595 haud
938 2533 1072 2620 pauca4)
1098 2538 1200 2595 litteris
1222 2537 1299 2595 diduc·

163 2646 200 2702 tis
225 2644 426 2719 imprimenda
449 2643 571 2711 curavit,
598 2662 675 2718 quae
700 2643 848 2702 levissima
872 2664 907 2701 ac
931 2646 1005 2702 sorte
1030 2645 1147 2702 illorum
1171 2643 1259 2702 verbis
1277 2637 1300 2695 si·

162 2751 245 2809 milia
268 2762 344 2820 sunt,
371 2750 429 2807 alia
453 2761 607 2824 praeterea
632 2751 670 2808 ad
694 2752 778 2808 locos
803 2752 938 2826 poeticos
963 2752 1137 2811 coniectura
1160 2765 1299 2810 accommo·

163 2861 235 2918 dare
271 2869 394 2915 conatus
419 2867 472 2915 est.
520 2857 611 2915 Cuius
635 2858 709 2915 ratio
734 2859 796 2916 iure
821 2878 838 2916 a
862 2861 985 2933 Mayero
1017 2870 1046 2917 et
1071 2854 1231 2943 Ungerof')
1250 2856 1299 2912 vitu

163 2980 265 3042 perata
289 2976 342 3024 est.

272 3072 332 3130 Sed
357 3083 517 3145 antequam
554 3072 593 3128 ad
626 3090 670 3140 ea,
707 3091 784 3146 quae
808 3071 942 3148 Vergilio
977 3083 1006 3131 et
1030 3074 1140 3132 ovidio
1175 3075 1298 3132 debentur

166 3267 482 3275 ————-—-——-

274 3387 293 3456 ¹)
312 3389 434 3438 Fabulam
466 3397 545 3437 aetate
573 3390 742 3437 Alexandrina
775 3399 903 3439 tractatam
936 3409 989 3439 esse
1020 3393 1094 3440 docet
1124 3392 1206 3441 Helvii
1232 3389 1299 3437 Cinna

167 3483 279 3544 Zmyrna,
312 3496 386 3543 quam
417 3480 448 3526 nd
478 3479 601 3526 Parthenii
632 3495 730 3526 carmen
768 3481 846 3527 redire
876 3489 944 3543 putat
973 3481 1141 3543 Kiessliugius
1170 3483 1299 3529 commentat

167 3572 285 3618 MommS.
306 3585 333 3631 p.
354 3577 401 3630 351
424 3585 460 3631 sq.

274 3655 296 3723 2)
314 3657 424 3720 Laugius
443 3659 474 3704 de
501 3674 565 3705 nexu
584 3674 609 3720 p.
631 3671 664 3716 42
694 3658 803 3706 fabulam
832 3665 959 3721 praeterea
987 3660 1019 3707 ab
1042 3661 1145 3723 Hygino
1174 3679 1226 3710 curn
1244 3652 1299 3720 Nycll

168 3762 253 3795 menes
272 3746 358 3794 sabula
376 3747 505 3794 confusam
526 3763 579 3794 esse
598 3756 689 3801 censet,

275 3832 295 3900 ³)
314 3835 390 3883 Ovid.
412 3853 434 3886 v.
457 3846 506 3897 524

171 3924 1075 3992 iamplacetetVenerimatrisqueulcisciturignes3
1094 3930 1174 3994 Hyg.:
1193 3924 1299 3978 huonis

170 4014 222 4078 qui
242 4014 359 4062 matris
389 4030 516 4077 poenas
535 4031 550 4062 a
568 4015 695 4062 Venere
714 4024 761 4062 est
780 4015 962 4065 insecutus.

278 4099 301 4168 ⁴)
321 4103 403 4150 Verba
433 4103 533 4151 fabulae
568 4116 615 4151 112
645 4104 717 4168 (100.
737 4101 761 4170 3)
794 4106 946 4153 servavit
977 4107 1105 4168 Apollo
1136 4125 1194 4158 casu
1223 4108 1299 4170 legunll

171 4193 237 4256 apud
256 4192 388 4240 Horatium
411 4200 458 4240 sat.
480 4193 491 4239 I
511 4207 536 4252 9.
560 4193 601 4254 78.
642 4193 705 4241 Cum
726 4194 791 4242 exitu
812 4194 899 4256 capitis
932 4204 981 4257 154
1001 4198 1056 4259 (27.
1081 4195 1123 4264 18)
1151 4198 1180 4246 is
1207 4202 1297 4262 quoqu

173 4280 318 4328 moriens
338 4280 460 4329 flebile
479 4282 572 4330 canit
591 4282 623 4330 cs.
646 4282 722 4330 Ovid.
746 4284 839 4330 remed.
861 4283 894 4345 36

280 4371 431 4418 exclusus
452 4371 579 4419 flebile
599 4379 717 4420 cantet
736 4389 858 4423 amans.

280 4457 303 4527 ⁵)
322 4461 408 4524 Mayer
425 4461 515 4513 Herm.
536 4462 594 4528 XX,
616 4478 641 4526 p.
667 4475 714 4512 112
737 4479 763 4511 n.
790 4475 817 4520 1;
840 4462 924 4528 Unger
941 4465 1031 4529 philol.
1053 4466 1146 4538 XLVI,
1167 4484 1192 4533 p.
1213 4472 1264 4529 217.
