2896 5130
699 335 918 392 ..44-

226 522 298 585 atur,
336 515 504 575 Schefferus
541 515 687 576 adductus
722 535 776 593 pro
812 535 878 575 arra
915 516 1032 592 scripsit
1067 537 1146 576 area.
1207 517 1268 576 Sed
1304 515 1397 575 etiarn

227 624 345 692 Gracci,
372 644 387 682 c
410 624 516 698 ‹pribus
542 624 677 698 Hyginus
701 635 779 682 totus
804 625 924 699 pendet,
950 644 1048 682 arcam
1074 634 1332 695 commemorant,
1358 625 1396 682 cs.

225 731 366 806 Apollod.
393 734 486 788 luz
514 736 674 795 κατέθετο
699 729 927 816 εἰςλάριηκα.
975 733 1038 789 Nec
1076 732 1145 790 licet
1181 751 1249 789 curn
1276 732 1397 807 Langio

224 837 262 898 de
287 859 363 896 nexu
388 860 417 914 p.
448 844 483 897 18
510 858 526 897 c
550 840 600 897 tali
626 839 813 897 dissensione
830 839 1009 897 concludere
1028 840 1102 897 duas
1122 839 1256 898 eiusdem
1275 840 1399 897 fabulae

227 948 337 1004 formas
364 947 402 1003 ab
427 947 549 1021 Hygino
574 946 731 1015 indicatas
757 946 867 1004 deinde
891 946 929 1003 ab
953 946 1166 1021 interpolatore
1183 946 1319 1021 pluribus
1335 966 1398 1005 ver-

227 1054 272 1110 bis
298 1054 460 1128 explicatas
485 1072 558 1111 esse.
608 1055 703 1110 Inuno
727 1053 916 1110 statuendum
934 1063 978 1110 est
995 1053 1245 1128 mythographum
1262 1064 1398 1112 extremo

226 1160 325 1235 capite
354 1178 409 1233 171
439 1162 559 1235 paulum
591 1161 647 1218 sibi
680 1161 898 1218 inconstantem
923 1161 1013 1218 fuisse
1045 1161 1075 1217 in
1100 1161 1258 1235 hypothesi
1279 1163 1399 1220 Graeca

226 1268 391 1336 reddenda,
417 1287 482 1325 cunr
508 1269 604 1325 acrius
629 1269 655 1326 ei
679 1270 762 1326 locus
787 1269 952 1328 Ovidianus
977 1269 1192 1337 obversaretur,
1211 1269 1294 1344 quod
1318 1279 1399 1326 recte

226 1375 407 1432 Munckcnrs
432 1375 583 1433 intellexit.

331 1512 399 1561 niet.
424 1502 507 1570 VIII,
528 1503 701 1576 456-458
1024 1502 1084 1560 fab.
1114 1519 1170 1574 171

273 1626 405 1666 mussare
421 1610 495 1676 idac.
505 1610 681 1683 flagitantem
699 1617 789 1665 mater
876 1609 999 1665 Alauna
1030 1610 1144 1665 exsiluit
1171 1610 1203 1665 dr
1225 1609 1289 1665 lacta
1315 1617 1400 1683 atym

227 1718 262 1773 ab
287 1718 350 1787 iana
372 1718 476 1789 rrr'pait
496 1735 608 1772 ramam
632 1718 788 1789 sparsitque
834 1718 953 1772 titiraam
976 1718 1099 1773 extinxit
1118 1725 1145 1773 rt
1166 1736 1227 1773 arm
1252 1718 1282 1772 ia
1307 1718 1399 1774 media

227 1823 393 1896 lriyaratibas
428 1824 519 1879 taulis.
544 1823 589 1879 illa
612 1824 661 1879 dia
686 1824 792 1897 fia'rat
834 1825 912 1894 rigua
935 1824 1029 1879 obterit
1051 1824 1186 1898 fatalem,
1210 1842 1244 1880 aa
1278 1825 1316 1880 ab
1340 1826 1402 1897 igni

220 1931 410 2005 penetralibus
432 1931 543 1986 crbrtitrrs
566 1932 638 1986 imis.
833 1930 1002 1986 obrueretur.

334 2055 467 2113 Tertium
504 2066 612 2124 autem,
650 2055 730 2129 quod
766 2055 842 2112 inter
870 2054 1023 2128 Hyginum
1058 2066 1087 2113 et
1111 2055 1254 2113 Ovidium
1290 2056 1398 2113 mirum

227 2173 370 2236 quantum
404 2162 564 2220 concinere
598 2163 722 2231 ridetur,
748 2163 787 2219 ad
822 2180 1010 2220 communem
1047 2164 1158 2220 sontem
1175 2158 1198 2241 ¹)
1234 2164 1321 2234 redit,
1359 2164 1398 2222 ad

227 2269 373 2327 Nicandri
397 2266 625 2352 iraporoipava
650 2263 775 2351 (Anton.
802 2269 868 2326 Lib.
895 2270 945 2346 ΙΙ.)

333 2395 422 2454 Ovid.
448 2405 516 2452 met.
543 2397 623 2465 VIII,
644 2411 703 2470 543
915 2396 995 2468 Hyg.
1021 2414 1046 2450 c.
1078 2409 1137 2466 174
1156 2386 1217 2475 (29.
1241 2393 1292 2472 20)

264 2511 415 2576 practer
430 2503 638 2577 Gorgenque
651 2522 786 2559 auram-
876 2520 983 2558 saratas
1001 2503 1225 2575 eiaspraeter
1243 2502 1397 2576 Gorgen

228 2629 301 2683 que
335 2611 432 2667 nabilis
465 2610 615 2667 Alcmenae
653 2612 728 2666 iratis
762 2611 791 2666 ia
837 2616 872 2665 et
892 2609 1130 2665 Deianiram
1156 2611 1235 2666 ..ia
1252 2628 1319 2667 czares
1334 2619 1402 2668 suat

227 2725 336 2791 carpat
352 2720 454 2792 pratris
479 2718 599 2774 (atterat.
832 2716 1061 2790 trauffigarataa.

518 2824 662 2882 Antonin.
694 2821 858 2901 (Westerm.
895 2842 924 2898 p.
962 2823 1102 2900 203.16)

565 2928 621 2994 δύο
646 2929 680 2993 δὲ
714 2930 780 2993 τῶν
809 2930 970 3004 Ἀλθαίας
1003 2934 1102 3008 θυγα-

519 3046 629 3118 τέρων,
649 3037 807 3124 Γόργην
831 3046 896 3100 καὶ
913 3029 1101 3120 Δηιάνει-

519 3171 605 3229 ραν,
625 3151 726 3228 ‹yaolv
749 3149 818 3207 κατ’
844 3140 1016 3225 ailptvaav
1033 3147 1101 3204 Διο-

520 3248 618 3316 νύσου
642 3248 685 3335 pa}
710 3251 918 3334 μεταβαλεῖν.

336 3396 398 3451 Iam
424 3396 463 3454 ad
488 3414 537 3453 eas
563 3397 679 3454 fabulas
703 3406 895 3467 transeamus
922 3412 999 3468 quae
1022 3394 1167 3468 ampliora
1191 3393 1302 3451 eoloris
1328 3414 1398 3470 poe·

231 3501 281 3558 tici
318 3502 442 3578 vestigia
478 3504 631 3577 praebent.
680 3503 784 3578 Capite
813 3522 868 3577 191
907 3501 1034 3576 primum
1069 3501 1108 3559 de
1132 3500 1235 3559 Midae
1270 3501 1400 3559 asininis

228 3609 348 3666 auribus
371 3609 483 3683 agitur:
510 3609 641 3684 sequitur
664 3610 702 3668 de
728 3610 765 3666 ‘vi
789 3611 887 3666 aurea’
906 3608 1039 3666 eiusdem
1057 3607 1287 3676 narratiuncula,
1306 3628 1400 3683 quam

230 3715 398 3773 Ovidianae
430 3725 499 3773 niet.
525 3718 576 3785 XI,
596 3720 744 3791 85-145
783 3715 963 3772 simillimam
999 3733 1063 3773 esse
1078 3709 1100 3792 2)
1125 3714 1275 3788 Hauptius
1312 3716 1399 3775 vidit.

338 3941 359 4010 ¹)
377 3946 453 3992 Recte
472 3945 608 4007 suspicatus
628 3952 665 3992 est
684 3943 835 3992 Sclrmidtius
854 3961 918 3992 mus.
934 3944 1036 3994 rhenan.
1052 3943 1109 3999 XX,
1127 3959 1153 4005 p.
1170 3943 1235 4001 4613
1258 3941 1291 3994 cl.
1307 3943 1403 3994 Surber

230 4033 419 4097 Melengcrsage
439 4051 464 4096 p.
487 4047 517 4095 91
540 4051 560 4082 s.
583 4049 608 4096 p.
633 4047 696 4090 122;
719 4033 833 4082 Ribbeck
852 4038 914 4082 rdrn.
936 4042 998 4095 trag.
1021 4048 1046 4095 p.
1070 4041 1120 4094 519
1140 4048 1166 4080 n.
1188 4042 1231 4094 37.

336 4120 357 4189 ²)
377 4123 491 4172 Ceterum
518 4139 578 4171 unus
605 4130 700 4186 praeter
727 4123 843 4171 Ovidium
871 4123 985 4186 Hyginus
1010 4123 1127 4170 Liberum
1151 4122 1225 4170 deum
1253 4122 1402 4172 beneficum

229 4209 303 4261 fuisse
322 4213 392 4270 dicit;
418 4214 486 4260 Seru
499 4213 566 4260 Dan.
588 4213 620 4260 ad
639 4214 704 4260 Aen.
726 4214 757 4271 X,
783 4224 831 4271 142
851 4213 1018 4274 Theopompo
1038 4220 1135 4258 auctore
1155 4210 1199 4272 (cf,
1217 4210 1249 4258 ad
1277 4211 1328 4260 ecl.
1351 4213 1400 4279 vl,

233 4315 261 4364 13
282 4309 306 4350 et
325 4302 368 4368 26,
397 4303 487 4352 Rohde
515 4319 551 4365 gr.
572 4319 660 4349 roman
689 4318 714 4364 p.
738 4315 789 4361 204
816 4303 849 4364 s.)
887 4301 997 4350 Silenum
1026 4301 1116 4366 ipsum,
1144 4299 1291 4362 Fulgentius
1323 4315 1401 4366 2.13

229 4391 375 4454 Apollinem
394 4391 495 4445 inducit¹
534 4392 594 4458 Alii,
616 4399 640 4439 ut
660 4392 785 4456 mythogr.
808 4392 938 4443 Westerm,
967 4407 1025 4455 app.
1054 4389 1106 4438 fab.
1127 4400 1161 4449 49
1180 4405 1206 4453 p.
1229 4399 1293 4451 377,
1321 4391 1401 4441 deum

228 4481 379 4530 nominatim
399 4497 449 4529 non
469 4481 583 4531 afferunt.
