2896 5130
504 268 723 337 „17-

67 455 243 535 Fulgentius¹l
267 470 421 534 praeterea
445 461 552 517 multus
577 471 620 518 est
652 461 683 518 in
716 460 825 519 talibus
850 461 1045 519 anacoluthis.
1095 461 1196 534 Quid?

66 567 121 640 quod
142 586 235 641 ,supra
267 585 283 624 e
314 567 480 642 fragmento
513 568 718 625 Niebuhrinno
753 569 950 626 intelleximus
982 569 1197 626 nominativum

65 675 199 730 absolutum
225 693 293 730 eum
319 674 432 748 reliqua
456 674 660 732 enuntiatione
684 677 750 733 laxe
767 676 968 744 coniunctum,
987 695 1076 751 quem
1100 676 1198 733 codex

64 783 84 837 F.
103 781 124 837 in
146 782 246 838 fabula
271 783 310 856 69
336 781 469 855 praebet,
495 781 526 836 in
550 781 675 855 pristina
699 782 872 841 recensione
898 802 957 840 non
982 783 1081 843 luisse.

140 907 240 963 Verba
273 906 392 963 fabulae
429 909 467 962 80
503 924 591 980 supra
624 908 714 964 allata
748 915 812 964 tum
842 908 999 981 deprecatus
1022 909 1135 976 Pollux,
1168 915 1201 965 ut

62 1012 126 1068 liceret
143 1014 169 1068 ei
189 1032 291 1069 urrtnus
314 1032 395 1069 rernm
419 1030 479 1068 rum
504 1012 604 1085 fiutm
627 1016 835 1082 eniriureenicure,
859 1017 905 1071 eui
929 1017 1061 1088 permisit
1090 1035 1197 1072 novam

62 1137 98 1176 nec
122 1119 214 1175 minus
246 1119 411 1176 mirabilem
448 1119 569 1176 dicendi
604 1119 750 1178 rationem
785 1139 857 1196 prae
892 1140 923 1178 se
958 1122 1064 1190 ferunt,
1101 1122 1199 1196 quade

61 1227 212 1283 llunckerus
229 1226 268 1283 ad
293 1226 352 1282 fab.
382 1246 415 1282 21
445 1235 473 1283 et
497 1246 515 1297 4
535 1237 562 1284 et
579 1228 605 1282 T
607 1227 796 1301 schinssnyus
813 1247 842 1302 p.
866 1248 902 1303 19
922 1248 944 1287 s,
963 1228 1197 1303 disputaverunt.

61 1333 158 1408 Saepius
182 1334 262 1391 enim
286 1352 454 1408 pronomen
479 1333 631 1391 relativum
666 1335 793 1408 ponitur,
831 1355 899 1393 cum
935 1335 1199 1394 demonstrativum

60 1439 226 1500 desideretur.
274 1440 446 1513 Fulgentius
471 1440 556 1497 huius
581 1459 649 1497 usus
673 1441 754 1498 testis
790 1443 871 1500 haud
908 1443 949 1500 ita
983 1442 1109 1501 idoneus
1145 1455 1198 1513 est,

59 1547 94 1620 qui
113 1567 174 1605 eum
199 1558 269 1605 ante
294 1547 429 1604 Dosithei
456 1558 582 1606 aetatem
608 1548 637 1604 in
662 1549 769 1606 sabulis
793 1550 882 1607 fuisse
899 1551 1085 1625 comprobet.
1134 1554 1199 1608 Iure

59 1667 133 1713 aulem
156 1655 287 1731 suspicio
311 1655 464 1725 excitatur,
490 1655 571 1729 quod
595 1656 776 1713 constructio
801 1657 905 1714 iterum
922 1657 951 1714 in
968 1658 1198 1727 narrationibus,

59 1783 115 1836 quas
135 1763 281 1838 capitibus
308 1779 365 1836 257
394 1772 422 1819 et
449 1778 509 1836 254
535 1773 648 1820 assutas
672 1781 736 1821 esse
772 1765 1041 1838 exploratissimum
1074 1778 1126 1835 cst,
1153 1785 1201 1823 oc-

60 1872 139 1947 currit,
161 1891 187 1928 c.
217 1887 274 1945 257
303 1867 388 1943 (142.
417 1865 487 1949 2ο);
512 1870 652 1927 Plenlnris
675 1879 767 1927 nutem
791 1871 976 1928 Selinuntium
993 1872 1117 1947 crucifigi
1140 1891 1200 1930 cum

60 1979 140 2035 ruberet
157 1979 226 2046 eden,
250 1977 327 2051 pund
346 1977 433 2033 horne
455 1996 504 2032 ses·
527 1978 602 2033 tertii
622 1979 680 2034 i'erm
704 1978 760 2034 diei
780 1986 868 2035 esseut
888 1997 935 2035 nee
955 1981 1061 2036 etern'ret
1074 1981 1201 2049 Murus,

60 2087 92 2140 mi
101 2085 264 2142 Selinuntius
280 2085 420 2158 respondit
433 2084 503 2140 diem
520 2085 612 2141 udlruc
626 2104 681 2141 mm
690 2087 869 2159 praeteriisse
877 2107 886 2155 ,·
909 2105 934 2143 c.
957 2107 971 2142 2
979 2103 1017 2161 54
1043 2085 1130 2162 (141.
1151 2083 1199 2170 2):

64 2192 158 2267 Cydrppe
179 2209 238 2249 cum
263 2192 341 2248 nnus
364 2192 393 2246 iu
410 2193 567 2265 petitionem
584 2194 702 2248 irrisisset
721 2212 807 2266 neque
830 2193 872 2249 nd
892 2194 991 2250 lienum
1019 2239 1024 2250 .
1052 2241 1057 2251 .
1085 2240 1090 2252 .
1116 2203 1201 2269 uppa-

61 2308 131 2356 urent
148 2308 174 2357 et
194 2307 282 2356 essent
303 2301 408 2355 irreretui
429 2330 472 2338 -
494 2318 567 2371 puae
596 2301 653 2354 tersi
673 2299 716 2354 net
744 2301 844 2356 nemun
879 2318 961 2356 sunu
986 2301 1071 2375 furtu
1108 2311 1201 2371 esseut,

60 2408 159 2464 serendos
181 2407 398 2480 inteefieielmtur
486 2408 559 2462 inter·
579 2426 665 2480 perum
700 2407 907 2480 trepidationem
936 2408 1029 2482 Cleops
1052 2416 1078 2464 et
1099 2410 1194 2466 Bitias

57 2521 97 2585 pm
114 2516 195 2572 lettres
218 2515 268 2571 sub
291 2515 355 2584 luen
378 2533 405 2570 se
427 2515 589 2573 iunxerunt.
639 2515 752 2571 Eadem
776 2525 882 2583 aetate,
908 2533 968 2589 qua
991 2516 1067 2573 hacc
1103 2516 1203 2590 capita

62 2619 208 2680 huiusmodi
231 2620 442 2679 additamentis
467 2630 553 2677 aucta
577 2631 653 2690 sunt,
679 2640 763 2678 usum
788 2622 870 2679 illum
894 2622 924 2679 in
960 2623 1076 2680 fabulas
1113 2623 1203 2698 irrep-

62 2727 115 2786 sisse
136 2730 329 2788 iudicandum
354 2739 406 2786 cst.

66 2852 73 2870 ‘
144 2855 308 2930 Esyntaxi
332 2874 454 2912 casuum
478 2853 605 2911 maxime
640 2854 822 2912 constructio
851 2855 933 2913 verbi
968 2856 1080 2912 sedendi
1112 2853 1204 2929 digna

62 2972 100 3031 est,
121 2983 194 3038 quae
219 2963 441 3037 consideretur3
466 2981 491 3018 c,
520 2963 556 3016 61
585 2957 651 3041 (61.
683 2962 752 3037 17):
780 2960 873 3018 sedens
896 2963 1087 3036 quindennem·
1111 2982 1136 3022 c.
1165 2965 1202 3019 28

62 3060 109 3148 lit·
136 3066 202 3154 12):
226 3072 382 3128 colummem
406 3068 508 3136 smnus,
533 3087 621 3142 quem
654 3069 751 3125 locum
776 3070 915 3142 Ungcrus
949 3069 1051 3143 philol.
1078 3071 1203 3139 XXXV,

61 3195 83 3249 p.
103 3182 155 3254 283
181 3189 303 3254 propter
327 3179 450 3235 alterum
467 3177 636 3251 exemplum
652 3186 797 3251 temptare
820 3194 881 3233 non
899 3175 1010 3236 debuit.
1059 3177 1204 3251 Exempla

60 3283 127 3343 huius
160 3296 331 3355 structurae,
368 3302 445 3359 quae
469 3285 650 3340 Munckerus
683 3285 722 3341 ad
758 3285 817 3341 fau.
857 3285 893 3340 61
933 3284 1067 3353 contulit,
1104 3283 1206 3341 onmia

59 3395 161 3451 saeculo
183 3395 277 3453 altero
301 3393 441 3450 inferiora
457 3402 542 3453 sunt:
566 3391 755 3449 inveniuntur
773 3391 853 3466 apud
871 3393 894 3448 F
897 3389 1059 3465 ulgentium
1085 3384 1142 3472 (111
1171 3410 1203 3462 1;

56 3498 119 3558 Zinlr
151 3521 179 3577 p.
206 3500 269 3577 43),
302 3499 491 3557 Lactantium
523 3498 714 3555 scholiastam
750 3497 932 3569 Thebaidos
972 3498 1097 3571 Gregor.
1134 3497 1204 3554 dial.

55 3605 110 3666 libr.
148 3609 265 3667 Passiva
282 3626 402 3682 quoque
417 3605 500 3664 verbi
517 3606 611 3662 forma
628 3604 780 3662 transitive
797 3615 945 3679 usurpata,
965 3622 1042 3678 (luae
1059 3603 1204 3661 minorem

53 3714 246 3773 difficultatem
280 3715 424 3790 praebere
458 3712 582 3782 videtur,
609 3732 626 3768 a
650 3712 754 3768 Solino
790 3712 909 3769 demum
944 3721 973 3767 et
997 3710 1154 3784 Spartiano
1179 3719 1208 3766 et

10 3798 12 3837 Ι
53 3824 170 3898 Vegetio
194 3822 361 3880 adhibetur.
409 3823 472 3877 lam
497 3838 566 3877 vero
591 3818 740 3877 indicibus
765 3818 873 3875 fabulis
898 3817 1018 3885 additis,
1036 3836 1111 3892 quos
1138 3826 1207 3874 ante

49 3929 248 3988 recensionem
283 3937 415 3984 nostram
451 3936 536 3983 natos
572 3944 636 3982 esse
672 3924 848 3994 videbimus,
886 3933 1060 3981 structuram
1095 3923 1166 3981 olim
1191 3943 1209 3981 a

46 4139 360 4150 —u——ffl-—a—

152 4262 172 4333 ¹)
191 4266 227 4313 ΙΙΙ
247 4265 262 4313 8
281 4263 325 4328 (τ.-
343 4262 411 4325 tryg,
432 4259 484 4308 fab.
510 4259 559 4318 164
578 4275 600 4327 c¹
622 4275 685 4323 quae
711 4257 779 4306 illinc
807 4258 925 4307 translata
952 4256 1014 4322 est):
1043 4271 1134 4322 quam
1160 4273 1208 4305 ar·

42 4359 161 4408 liorem
180 4362 272 4418 pater
290 4353 411 4416 gladio
430 4349 633 4414 percutiens
655 4350 747 4397 Adon
769 4349 892 4396 exinde
911 4354 1016 4396 natus
1035 4353 1092 4396 est.
1135 4347 1207 4405 Ztnk.

40 4448 86 4499 der
108 4445 240 4511 mytholog
257 4442 402 4506 Fulgentius
421 4457 447 4504 p.
468 4452 513 4501 49.
1001 4519 1016 4558 ²
