2896 5130
536 292 755 353 -437-

52 472 116 530 tab.
149 491 166 532 a
193 463 257 554 (39.
286 474 334 553 2):
360 494 446 550 quam
468 475 555 532 Liber
576 476 757 533 Leucotheam
773 475 862 532 uoluit
875 476 1023 551 appellari,
1039 495 1089 535 reos
1111 483 1228 535 matrem

52 580 208 639 Matutam
239 581 372 652 hammus,
405 582 563 641 Melicerten
595 589 688 642 autem
723 582 803 640 eleum
827 583 1043 653 Palaemonem,
1067 592 1147 660 quem
1179 603 1230 643 reos

52 687 221 747 Portrcmcm
242 689 366 748 chamus.

168 797 247 856 Fast·
271 798 325 872 VI»
342 812 511 874 545-547

166 903 320 962 Leucothea
347 904 445 974 Grais,
469 906 585 964 omma
608 905 737 964 vocabere
759 906 880 964 uostris:

166 1013 196 1069 ia
209 1019 312 1087 portus
334 1019 401 1071 nato
422 1015 467 1070 ius
488 1015 543 1071 erit
562 1032 641 1072 omne
663 1020 718 1072 tuo.

166 1138 247 1196 quem
270 1139 320 1179 uos
342 1121 510 1190 Portunum,
533 1140 588 1178 sua
609 1122 709 1196 lingua
732 1121 908 1180 Palaemona
931 1121 1005 1179 dicet.

165 1228 230 1287 Iam
262 1227 397 1303 quaestio
428 1228 556 1297 exsistit,
590 1247 661 1286 num
694 1228 826 1303 genuina
857 1228 916 1286 sint
947 1228 1048 1287 verba.
1107 1227 1225 1286 Fabula

56 1333 151 1403 enim,
176 1335 276 1409 quade
298 1335 403 1411 agitur,
428 1345 546 1411 praeter
569 1336 648 1393 hunc
678 1336 779 1393 locum
812 1336 960 1412 capitibus
985 1355 1004 1408 4
1029 1347 1058 1395 et
1084 1349 1098 1410 5
1126 1335 1227 1394 denuo

55 1441 167 1500 iisdem
204 1442 264 1501 fere
299 1443 397 1501 verbis
434 1453 594 1502 enarratur.
643 1429 739 1518 Caput
770 1463 789 1516 4
825 1443 955 1519 spurium
986 1461 1051 1502 esse
1081 1440 1226 1500 Bursiano

54 1557 220 1626 praeeunte
254 1547 459 1611 iudicavimus.
507 1551 545 1608 Et
576 1550 645 1625 quia
679 1549 770 1626 capiti
798 1570 812 1607 2
838 1550 931 1609 verba
963 1560 1043 1609 certe
1073 1549 1153 1608 haud
1185 1548 1226 1606 ita

56 1667 128 1733 apte
153 1656 337 1733 agglutinata
359 1666 435 1732 sunt,
458 1657 635 1716 narrationis
659 1667 757 1716 autem
781 1657 856 1717 ordo
890 1668 920 1716 et
943 1657 1095 1733 inscriptio
1119 1655 1226 1731 capitis

10 1762 13 1815 l
57 1780 74 1841 5
99 1765 183 1822 hunc
205 1765 305 1823 locum
328 1765 488 1840 postulant,
513 1764 637 1824 dubium
661 1783 722 1824 non
746 1765 862 1824 videtur
885 1783 959 1835 esse,
978 1764 1051 1840 quin
1067 1763 1139 1822 olim
1155 1763 1225 1821 loco

10 1856 12 1885 ⁵
56 1870 164 1948 capitis
190 1886 217 1947 5,
243 1872 327 1947 quod
348 1891 429 1931 nunc
452 1872 643 1931 vehementer
666 1871 832 1931 mutilatum
855 1883 908 1944 est,
934 1872 1063 1948 amplior
1095 1869 1225 1929 narratio

57 1978 96 2038 de
128 1979 320 2038 Athamantis
352 1980 469 2063 insania
500 1982 632 2055 Inusque
662 1979 750 2039 rebus
781 1980 874 2041 luerit.
891 1975 917 2062 ¹)
962 1980 1024 2039 Sed
1056 1988 1224 2056 propterea,

58 2103 137 2161 quae
168 2086 200 2144 in
234 2097 366 2146 extremo
401 2088 500 2164 capite
537 2108 552 2145 2
590 2087 787 2158 inveniuntur,
818 2106 853 2146 ea
882 2107 936 2164 pro
976 2086 1082 2164 spuriis
1114 2085 1225 2144 habere

57 2210 120 2252 non
144 2192 222 2252 licet.
270 2194 341 2252 Non
375 2195 562 2270 interpolata,
588 2195 642 2253 sed
666 2213 683 2254 e
706 2195 831 2272 pristino
864 2196 962 2272 capite
989 2212 1003 2271 5
1030 2194 1101 2252 illuc
1133 2203 1225 2251 trans-

58 2299 117 2358 lata
141 2309 215 2358 sunt.
264 2301 367 2360 Verba
391 2302 480 2373 enim,
506 2303 544 2361 de
568 2301 676 2377 quibus
701 2302 806 2377 agitur,
831 2303 961 2379 genuina
985 2320 1050 2361 esse
1082 2309 1226 2360 testantur

59 2425 85 2467 c.
113 2426 150 2464 12
157 2421 172 2483 5
200 2399 286 2491 (109.
315 2407 357 2486 7):
383 2410 543 2479 Leucothoe,
566 2429 654 2486 quam
676 2431 726 2470 uos
749 2417 867 2468 matrem
882 2411 1029 2469 Matutam
1050 2410 1174 2477 dicimus,
1196 2418 1226 2467 et

60 2534 86 2574 c.
113 2535 174 2588 ²²4
200 2507 287 2598 (132.
317 2514 384 2595 15)t
408 2518 601 2587 Leucotheam,
618 2538 705 2594 quam
728 2535 778 2576 uos
793 2525 911 2576 matrem
927 2518 1074 2575 Matutam
1092 2516 1226 2586 eliaumn

10 2612 457 2707 {Qfflmffim

10 2716 12 2745 ⁵
166 2732 301 2790 Alterum
325 2733 493 2809 exemplum
517 2733 645 2803 fabulae,
671 2751 748 2808 quae
770 2734 809 2791 de
832 2733 987 2809 Meleagro
1011 2740 1087 2801 sunt,
1120 2748 1224 2808 suppe-

10 2870 12 2877 ·
62 2838 164 2897 ditant.
213 2839 320 2915 Capita
347 2858 417 2914 171.
449 2856 506 2929 ¹⁷?
532 2840 663 2917 genuina
687 2858 752 2900 esse
768 2850 797 2900 et
813 2840 994 2917 exemplaria
1010 2839 1116 2916 prioris
1133 2837 1224 2914 partis

63 2945 163 3022 capitis
192 2962 252 3019 174
277 2946 347 3006 inde
370 2948 514 3023 repetitae
545 2965 633 3023 supra
667 2947 803 3007 vidimus.
851 2948 906 3018 Ea,
942 2965 1020 3022 quae
1043 2944 1224 3005 Schmidtius

63 3071 126 3111 cum
148 3053 320 3113 narratione
344 3054 494 3114 Ovidiana
528 3065 596 3114 met.
622 3057 705 3126 VIII,
727 3057 898 3131 260-546
935 3054 1070 3125 contulit,
1107 3062 1224 3129 praeter
1326 3099 1328 3103 .

62 3178 149 3218 unum
173 3162 299 3220 fortasse
321 3161 434 3220 leviora
457 3173 544 3223 sunt:
569 3163 661 3221 verba
695 3163 815 3221 fabulae
844 3181 901 3236 172
933 3162 1040 3220 Oemus
1062 3180 1123 3219 cum
1149 3207 1154 3218 .
1182 3207 1188 3218 .
1215 3206 1221 3218 .

60 3267 192 3327 Dianam
207 3271 401 3345 praeteriisset
429 3270 577 3346 respicere
611 3270 748 3330 videntur
771 3270 873 3330 Ovidii
904 3288 1022 3330 versum
1048 3272 1108 3344 278
1137 3277 1222 3345 prae-

61 3377 155 3434 teritae
179 3423 185 3434 .
212 3422 218 3434 .
243 3376 385 3435 Latoidos.
402 3370 427 3456 Β)
473 3378 534 3437 Sed
565 3378 623 3436 hoc
659 3378 754 3453 magis
778 3379 817 3437 ad
853 3377 1053 3437 elocutionem
1089 3386 1222 3452 spectat:

60 3483 140 3542 aliud
163 3482 306 3559 gravioris
329 3485 474 3543 momenti
497 3495 550 3543 est.
598 3485 728 3550 Althaea
763 3486 862 3562 capite
890 3502 947 3560 171
985 3485 1098 3560 lignum
1132 3485 1223 3544 fatale

58 3590 88 3648 in
112 3591 213 3649 media
235 3590 328 3665 regia,
352 3592 449 3667 capite
477 3610 537 3666 174
563 3584 605 3675 (in
628 3593 759 3668 genuina
794 3611 915 3669 quoque
937 3602 1019 3669 parte
1042 3612 1072 3669 p.
1100 3591 1223 3669 29.19)

56 3698 88 3758 in
111 3717 182 3757 arca
204 3716 338 3758 servasse
361 3699 478 3759 dicitur.
527 3699 596 3774 Qua
619 3700 829 3777 discrepantia,
866 3700 1001 3777 quamvis
1035 3700 1108 3760 levIs
1142 3699 1222 3758 vide·

166 4014 186 4084 ¹)
205 4017 276 4067 Idem
296 4016 433 4082 suspicatus
452 4024 490 4068 est
507 4017 662 4068 Ribbeckius
680 4022 743 4068 ro'm.
764 4023 828 4082 trag.
849 4034 876 4082 p.
898 4030 931 4081 33
950 4034 976 4067 n.
998 4027 1041 4083 25.

167 4102 188 4174 ²)
206 4107 324 4171 Hyginus
343 4107 471 4172 exemplar
489 4108 611 4158 Graecum
631 4107 722 4157 auxilio
740 4115 831 4172 poetae
856 4114 951 4157 vertere
969 4107 1080 4157 videtur:
1103 4107 1136 4157 ci.
1157 4108 1218 4157 Luc.

50 4211 170 4262 sympos.
192 4206 237 4261 25:
261 4192 321 4262 ὄψει
340 4193 457 4266 γὰρκαὶ
480 4193 529 4261 τήν
543 4196 663 4267 Ἄρτεμιν
686 4193 899 4266 α’γανακτοῦσαν,
917 4192 958 4249 ὅτι
975 4193 1063 4268 μόνην
1087 4192 1171 4260 αὕτῆν
1190 4192 1221 4247 ori

50 4285 207 4355 παρέλαβεν
225 4285 324 4344 ἐκεῖνος
342 4286 384 4338 tm
402 4283 451 4351 τήν
469 4290 569 4338 θυσίαν
587 4283 649 4345 τούς
666 4283 762 4344 ἄλλους
780 4283 861 4344 θεοὺς
879 4285 979 4339 ἑστιῶν.
1016 4288 1098 4336 Locus
1110 4287 1221 4350 poeticus

49 4383 183 4442 praeterea
201 4377 346 4426 obversatur
364 4377 472 4441 Apuleio
491 4388 550 4432 met,
569 4377 606 4425 IV
625 4389 668 4444 29,
690 4377 712 4426 si
730 4376 873 4427 coniectura
887 4376 1068 4431 Hildebrandii
1087 4383 1216 4429 recteest:

49 4481 149 4520 sacra
168 4464 242 4516 diae
261 4473 521 4530 praetereuntur
538 4464 703 4538 (perferuntur
720 4465 763 4534 F.)
