2896 5130
625 322 844 378 ,4ο-

155 498 270 559 Eadem
303 501 379 559 ratio
413 501 488 559 inter
517 502 628 577 Hygini
661 504 791 561 fabulam
823 505 863 578 36
901 503 1073 579 Ovidii-que
1107 501 1343 571 narrationem,

155 627 231 683 quae
267 609 305 666 de
340 608 495 684 apotheosi
529 609 666 668 Herculis
703 622 746 668 est
781 610 861 685 (met.
896 612 959 682 lx,
1002 604 1197 690 134-—272)‚
1234 610 1342 666 inter·

155 715 244 774 cedit.
293 716 445 773 Nonnulla
477 716 517 774 ita
541 727 716 792 congruunt,
750 729 781 775 ut
814 717 901 774 facile
936 717 1095 792 quispiam,
1122 717 1179 774 nisi
1212 717 1252 774 de
1279 719 1338 774 ta-

154 824 224 880 bula
255 823 426 897 pervulgata
460 833 564 897 agatur
588 823 788 897 Ovidiumque
812 824 1014 882 narrationem
1045 824 1074 880 in
1100 823 1219 881 brevius
1251 842 1332 880 con-

154 930 276 989 traxisse
296 940 404 1005 pateat,
429 941 584 1005 utntmque
609 931 759 988 communi
793 931 951 1006 hypothesi
977 950 1061 988 usum
1086 949 1151 988 csse
1177 930 1326 1005 suspicari

154 1038 257 1114 possit.
305 1039 410 1112 Neque
442 1039 521 1096 enim
546 1036 672 1115 poeta¹)
703 1058 800 1113 neque
831 1039 1065 1114 mythographus
1090 1039 1254 1096 Herculem
1284 1056 1319 1094 er

155 1147 279 1204 Euboea
296 1145 446 1203 Trachina
470 1147 625 1221 navigasse
642 1146 750 1204 diserte
775 1156 998 1204 commemorat.
1047 1146 1137 1220 Apud
1161 1156 1315 1219 utrumque

155 1255 257 1311 Lr'rlars
280 1271 390 1310 nomen
415 1263 459 1310 est
482 1253 537 1327 ipsi
562 1273 643 1324 sax0‚
669 1255 751 1328 quod
776 1254 864 1328 vulgo
887 1251 1009 1333 τύμβος
1024 1257 1114 1333 Λίχα
1140 1253 1204 1311 sive
1228 1257 1312 1332 oripo

154 1367 244 1442 Λίχα
262 1360 428 1435 appellatur
446 1359 567 1436 (Preller
585 1380 633 1432 gr.
651 1362 734 1435 rartlr.
751 1363 780 1418 lI
804 1381 832 1436 p.
854 1377 912 1436 255
931 1380 960 1417 n.
991 1360 1028 1437 1).
1061 1361 1174 1418 Neuter
1189 1359 1312 1433 denique

157 1468 239 1542 Hylli
262 1467 445 1525 mentionem
469 1467 548 1526 facit.
596 1468 749 1542 Hyginum
780 1469 875 1544 ipsum
902 1469 1035 1526 Graecos
1059 1467 1159 1525 adisse
1183 1467 1243 1524 alia
1266 1477 1314 1524 tes·

155 1585 261 1645 tantur,
288 1593 363 1649 quae
392 1574 518 1632 Ovidius
543 1575 650 1632 omittit
680 1585 730 1632 aut
760 1594 837 1648 quae
870 1575 985 1632 diverse
1018 1574 1056 1631 ab
1080 1574 1115 1630 iis
1140 1574 1314 1632 indicantur.

155 1685 240 1742 Unus
264 1682 496 1756 mythographus
526 1682 684 1756 Sophoclis
708 1682 883 1739 Trachinias
918 1684 977 1754 672
1013 1700 1079 1756 sqq.
1112 1691 1232 1738 secutus
1263 1684 1317 1739 De·

155 1790 280 1848 ianiram
299 1800 433 1847 naturam
450 1788 566 1859 veneni,
584 1808 643 1864 quo
662 1787 800 1847 Herculis
824 1789 912 1846 vestis
929 1789 1042 1846 imbuta
1066 1798 1137 1857 erat,
1156 1807 1228 1845 casu
1253 1799 1320 1846 ante

155 1897 266 1955 tristem
289 1897 424 1953 nuntium
450 1895 627 1970 cognovisse
651 1897 781 1977 factique
806 1915 872 1954 eam
896 1896 1077 1971 paenituisse
1095 1896 1193 1953 tradit.
1230 1896 1321 1970 Apud

155 2006 234 2062 hunc
256 2015 408 2080 praeterea
431 2004 509 2061 Ioles
533 2004 718 2062 advenientis
742 2005 837 2061 forma
861 2004 1004 2061 invidiam
1021 2003 1183 2061 Deianirae
1200 2003 1320 2072 excitat,

156 2113 235 2187 apud
266 2121 386 2186 poetam
417 2107 456 2178 (v.
487 2113 559 2189 145)
592 2121 660 2168 ante
691 2113 826 2169 aemulae
859 2111 1019 2169 adventum
1043 2111 1152 2167 Lichas
1186 2110 1321 2169 mittitur.

156 2220 216 2278 Sed
239 2218 394 2292 vestigium
419 2218 594 2276 narrationis
618 2219 754 2293 poeticae
779 2218 808 2274 in
840 2219 941 2275 fabula
973 2237 1037 2275 esse
1068 2218 1246 2275 iamdudum
1271 2219 1323 2275 ob·

156 2336 300 2384 servatum
324 2335 377 2383 est.
426 2326 570 2383 Hercules
587 2326 710 2383 Licham
735 2336 910 2384 rotatum
934 2326 964 2383 in
987 2344 1069 2383 mare
1093 2326 1240 2382 iaculatus
1258 2344 1323 2383 esse

155 2434 274 2493 dicitur:
300 2444 369 2492 met.
395 2435 447 2503 IX,
465 2449 535 2506 217.
564 2437 623 2490 218

261 2549 354 2615 terque
386 2548 537 2615 quaterque
570 2548 737 2598 rotatum

156 2651 240 2706 mittit
269 2651 298 2706 in
321 2649 461 2707 Euboicos
490 2655 622 2706 termento
636 2649 745 2722 fortias
768 2649 867 2705 undas.

156 2758 194 2815 cf.
220 2758 288 2815 Sen.
315 2757 405 2813 Herc.
431 2756 484 2812 fur.
515 2774 593 2811 1011

263 2865 304 2920 bis
326 2870 368 2920 ter
389 2870 552 2920 rotatum
576 2864 658 2919 mz'sit.

264 2970 391 3028 Accedit
414 2970 554 3027 flosculus
583 2969 612 3025 in
645 2968 746 3026 fabula
774 2971 843 3044 198,
869 2988 946 3043 quae
979 2970 1018 3027 de
1041 2969 1140 3043 Scylla
1163 2969 1230 3026 Nisi
1261 2969 1325 3027 filia

158 3089 210 3150 est,
236 3097 272 3136 ex
297 3077 407 3136 Ovidio
432 3077 588 3135 delibatus,
636 3076 815 3134 Schmidtius
839 3077 941 3134 docuit
964 3077 1054 3135 verba
1077 3070 1167 3157 (126.
1198 3078 1251 3155 17)
1272 3078 1326 3134 Ille

157 3187 271 3260 negavit
296 3185 392 3242 Creten
415 3186 617 3241 sanctissimam
641 3192 750 3240 tantam
773 3185 855 3241 scelus
871 3192 1039 3259 recepturam
1056 3184 1203 3260 respicere
1220 3203 1324 3243 versus

158 3292 324 3354 Ovidianos
349 3301 417 3349 met.
443 3293 523 3361 VIII,
539 3312 589 3367 99.
618 3312 677 3349 100

263 3407 330 3457 certe
353 3418 399 3471 ego
425 3418 480 3456 non
496 3401 601 3474 potare
622 3401 698 3457 Ievis
721 3400 900 3468 attenedum,
930 3400 1025 3456 Creten

266 3554 272 3566 .
299 3553 305 3566 .
332 3554 338 3565 .
362 3514 470 3563 tantam
494 3508 644 3581 contingere
666 3514 828 3564 monstram.

264 3616 304 3672 At
336 3623 541 3689 argumentum
573 3614 751 3672 narrationis
777 3612 967 3688 Hyginianae
1002 3613 1040 3670 ab
1074 3614 1227 3672 Ovidiana
1260 3635 1326 3674 non

157 3723 231 3782 nihil
256 3722 414 3797 discrepat,
434 3740 614 3796 quamquam
630 3733 752 3797 uterque
769 3721 888 3778 fabulae
905 3722 1032 3778 formam
1048 3721 1286 3780 Alexandrinam
1302 3718 1326 3808 2)

158 3831 298 3906 sequitur.
345 3830 436 3905 Apud
459 3830 707 3904 mythographum
724 3829 823 3886 Minos
842 3829 980 3903 Scyllam,
1000 3847 1059 3902 quo
1083 3828 1197 3887 facilius
1215 3830 1326 3888 Nisum

267 4129 285 4197 ¹)
304 4131 336 4179 cf.
357 4130 494 4192 Hauptium
513 4130 545 4178 ad
565 4145 647 4178 versus
670 4129 716 4191 165
737 4136 761 4176 et
780 4129 840 4177 226.

270 4218 292 4288 ²)
310 4220 436 4268 Vetustior
454 4230 490 4268 est
509 4220 575 4284 apud
594 4219 745 4281 Aeschylum
765 4217 879 4281 Choeph.
896 4217 946 4280 596
966 4233 986 4266 s.
1025 4218 1092 4266 Inter
1104 4217 1255 4280 posteriores
1268 4219 1330 4268 Par·

158 4313 256 4364 thenius
276 4311 387 4360 fabulam
409 4311 521 4359 tractavit
540 4309 667 4376 (Eustath.
688 4308 794 4371 Dionys.
814 4309 909 4372 Perieg.
931 4305 1006 4374 420),
1028 4323 1101 4371 quem
1122 4307 1230 4357 fortasse
1243 4310 1330 4359 reddit

159 4404 222 4456 Ciris
248 4401 515 4464 Pseudo-Vergiliana3
546 4400 576 4456 ct,
602 4398 692 4447 Rohde
716 4415 753 4462 gr.
779 4415 866 4446 roman
885 4415 909 4461 p.
930 4411 962 4463 93
992 4414 1018 4445 n.
1039 4410 1063 4459 3.
1092 4397 1133 4462 qui
1161 4398 1263 4448 uberius
1295 4401 1329 4450 de

158 4494 244 4546 sabula
262 4492 322 4557 egit.
