2896 5130
154 520 251 572 aurea,
282 523 359 579 quae
393 503 507 571 dieitur,
541 522 660 579 prorsus
696 504 854 561 abhorrere
890 522 984 579 nuper
1017 507 1269 583 Tsebiassny

156 623 233 668 recte
258 623 367 669 mouet.
418 613 480 669 Nee
506 631 578 668 sane
595 611 710 667 ridetur
734 631 798 668 esse
816 611 844 667 in
863 630 963 680 eausa,
982 633 1033 670 rur
1050 615 1078 670 in
1097 617 1279 672 nonnulloru

154 719 204 793 qui
228 719 334 776 librum
360 720 510 794 epitomen
537 736 601 774 esse
626 729 747 774 censent
772 738 787 775 e
812 719 894 776 libris
919 721 1098 793 ‹pribusdam
1122 723 1279 796 1111111111Υ

154 827 331 895 confectam,
357 826 503 883 sententia
528 825 683 882 refutanda
719 844 875 883 rersennir.
927 829 1115 902 Comparatis
1147 830 1224 885 euim
1251 832 1279 885 1)

154 932 218 989 dori
243 933 462 990 narrationibus
488 932 706 1008 mythologieis,
724 928 745 1005 ¹)
770 935 948 1007 Apollodori
980 936 1173 1003 bibliotheca,
1200 938 1272 992 sebo

154 1040 183 1097 in
211 1041 363 1114 apollonii
391 1040 501 1096 1111111111
528 1039 729 1115 Argonautica
755 1041 920 1098 fabularum
939 1055 1111 1118 argumenta
1129 1044 1234 1100 iisdem
1259 1045 1277 1100 11

153 1148 230 1203 tibus
267 1147 390 1204 Graecis
422 1147 524 1205 deberi
558 1147 727 1221 iisdemque
762 1167 796 1205 en
829 1150 1043 1224 hypothesibus
1074 1153 1215 1208 translata
1257 1170 1279 1208 er

153 1255 266 1319 elucet,
301 1273 316 1310 e
349 1255 455 1328 quibus
491 1254 700 1328 mytbograpbi
734 1256 841 1312 Graeci
878 1258 1020 1332 pendent.
1069 1258 1279 1314 Fabularr

153 1361 258 1417 tiber
288 1380 369 1417 non
403 1361 587 1435 epitome
621 1362 867 1436 exemplaris
895 1363 1051 1431 Latini,
1078 1364 1152 1420 sed
1186 1364 1276 1420 inte

154 1469 334 1543 pretatio
369 1468 609 1543 exemplaris
644 1470 784 1526 Graeci
818 1480 883 1527 est.
931 1472 1068 1528 Eundem
1093 1472 1206 1528 fontem
1232 1471 1279 1528 eti:

154 1576 237 1633 multi
261 1575 427 1650 graecismi,
453 1576 503 1649 rpri
527 1576 556 1632 in
589 1576 696 1632 tabidis
730 1587 897 1645 occurrunt,
924 1577 1065 1635 indicant.
1115 1577 1253 1651 benique

151 1684 259 1758 julium
284 1683 437 1757 Hyginum
463 1685 685 1742 adulescentem
710 1683 842 1740 libellum
868 1686 1081 1759 conscripsisse
1114 1706 1181 1742 crim
1206 1687 1279 1743 'l'eufi

154 1790 194 1847 lio
219 1790 295 1853 ruisi,
322 1785 392 1848 1111.4
416 1792 436 1865 ξ
463 1794 533 1848 262.
554 1785 587 1871 7)
611 1800 756 1864 putemus,
783 1791 897 1847 flosculi
922 1792 1031 1865 poetici
1056 1792 1223 1866 impediunt
1239 1785 1279 1863 iii

155 1896 257 1953 (1111111
281 1898 563 1972 metamorphoseon
588 1896 669 1952 libris
694 1898 829 1965 subtecti,
851 1916 924 1972 quos
941 1898 1072 1972 germino
1090 1899 1119 1955 in
1138 1900 1214 1955 libro
1233 1898 1279 1954 tuis

156 2004 247 2060 attera
270 2003 479 2077 disputationis
503 2014 584 2078 parte
609 2003 811 2062 demonstrare
835 2005 1018 2062 conabimur.

726 2291 750 2328 I.

379 2392 423 2460 ne
448 2391 593 2461 dirersis
617 2390 809 2461 fabularum
836 2393 1105 2462 recensionthus.

261 2543 329 2597 Hoc
354 2541 441 2615 igitur
464 2541 549 2615 ‹puasi
573 2541 701 2615 positum
726 2562 761 2599 ae
786 2560 960 2598 eoncessum
986 2542 1073 2598 nobis
1099 2543 1214 2600 ridetur
1237 2543 1276 2599 fal

154 2651 198 2706 las
223 2668 239 2705 a
264 2648 407 2722 scriptore
431 2648 534 2704 aetatis
552 2650 721 2720 Augusteae
746 2648 962 2705 abiudicandas
987 2668 1070 2711 esse:
1097 2649 1120 2705 is
1145 2661 1279 2718 autemst

155 2756 285 2829 singutas
309 2755 453 2812 sermonis
478 2754 641 2829 Hyginiani
675 2754 879 2829 proprietates
915 2774 990 2829 iprae
1024 2757 1062 2812 ab
1095 2757 1153 2812 boe
1187 2767 1279 2830 temp(

156 2864 325 2930 abhorrent,
352 2862 469 2937 penitus
493 2880 675 2935 cognoscere
699 2862 728 2917 in
754 2861 854 2918 animo
879 2872 931 2933 est,
958 2862 1052 2936 ipsum
1078 2863 1279 2937 ’11111111111111Ι

156 2969 207 3044 qui
231 2971 389 3045 plerasque
420 2969 578 3044 congessit,
604 2970 777 3042 opusculum
803 2968 951 3042 inspiciat.
996 2972 1062 3043 Jam
1087 2989 1157 3027 rero
1182 2990 1274 3044 quaes

156 3077 277 3146 exsistit,
303 3097 373 3134 num
398 3087 524 3151 tempus
550 3094 608 3150 quo
633 3077 799 3133 fabularum
824 3077 899 3134 liber
928 3077 1033 3134 codiee
1058 3078 1239 3151 Frisingensi
1262 3098 1277 3133 s

156 3197 238 3242 ratus
262 3185 444 3260 compositus
469 3185 514 3253 sit,
534 3184 619 3241 certis
638 3185 746 3241 finibus
771 3184 1013 3242 circumscribere
1030 3196 1059 3242 et
1079 3186 1204 3242 detiuire
1221 3186 1278 3241 lice

155 3295 200 3349 Ac
224 3293 320 3366 primo
345 3292 466 3366 quidem
492 3293 596 3348 obtutu
620 3303 715 3349 certus
740 3292 890 3363 terminus
908 3303 1083 3366 antequem
1101 3294 1279 3349 sabulaeon

155 3400 222 3469 sint,
254 3401 384 3457 Pseudo·
416 3399 553 3456 Dositbei
585 3399 755 3456 testimonio
785 3400 968 3473 suppeditari
1001 3400 1125 3468 videtur,
1159 3400 1209 3473 qui
1241 3418 1276 3455 au

158 3523 215 3579 207
244 3525 275 3562 se
298 3505 505 3581 genealogiam
533 3505 644 3579 Hygini
669 3506 699 3562 in
724 3507 872 3563 Graecum
896 3507 1080 3564 transtulisse
1105 3507 1213 3563 diserte
1246 3507 1273 3562 in

155 3624 212 3670 eat.
260 3613 319 3670 Sed
344 3631 525 3686 rprannpram
549 3632 655 3687 parma,
682 3631 758 3687 quae
781 3614 869 3669 nobis
892 3625 1008 3670 serrata
1024 3625 1100 3681 sunt,
1119 3613 1279 3670 translatior

155 3721 320 3794 fragmenta
343 3721 649 3794 111111111111111111111111
673 3720 756 3776 libris
785 3721 894 3777 inserta
924 3739 991 3776 eum
1023 3721 1128 3777 {aludis
1161 3720 1279 3776 concine

155 3827 309 3894 videntur,
345 3827 490 3884 nonnulla
525 3837 624 3883 tamen
659 3827 829 3901 discrepare
865 3828 903 3883 ab
937 3827 1002 3883 aliis
1040 3829 1228 3884 observatum
1266 3845 1279 3883 e

268 4124 289 4193 ¹)
309 4127 387 4174 Betbe
406 4134 501 4189 quaest.
540 4125 647 4175 Diodor,
669 4125 792 4187 mytbogr.
814 4141 868 4188 cap.
888 4125 910 4170 b'
930 4142 954 4187 p¹
970 4126 1004 4173 8ο
1023 4143 1096 4189 sqq:
1117 4127 1148 4172 de
1168 4143 1279 4189 compen

159 4217 276 4265 fabularis
296 4217 413 4264 historiae
432 4216 548 4263 Diodoro
568 4215 717 4278 antiquiore.

263 4302 284 4371 ²)
304 4306 336 4354 cs.
358 4307 390 4353 G.
413 4307 442 4354 F.
468 4306 552 4367 Unger
580 4305 640 4352 abb.
661 4305 685 4354 d.
707 4304 869 4367 philos-bist.
902 4303 984 4352 blasse
1017 4305 1042 4352 d.
1065 4307 1132 4367 bnyr.
1164 4305 1239 4356 abad.
1262 4307 1279 4352 X

154 4398 245 4460 (1882)
270 4410 278 4444 1
301 4413 324 4459 p.
347 4409 407 4458 213.
431 4408 491 4453 214.

263 4483 284 4554 1)
304 4487 347 4535 Est
366 4501 524 4550 programma
545 4485 739 4533 Hernalsiannm
759 4484 927 4533 Viudobonae
946 4501 1013 4533 atino
1037 4484 1102 4533 1888
1122 4485 1279 4549 impressum.
