2896 5130
225 1110 284 1192 Ilo
312 1109 513 1211 vestigiis
541 1110 688 1213 poesis
716 1109 913 1210 bastinae,
944 1131 1056 1210 quere
1084 1111 1188 1193 sunt

578 1255 627 1336 in
655 1253 837 1336 fabulis,

231 1438 384 1511 Quoniam
404 1439 530 1507 fabulas,
549 1458 622 1513 quas
647 1439 743 1495 codex
761 1440 793 1496 F.
812 1439 945 1513 praebet,
964 1438 1159 1496 recentiorem
1183 1458 1288 1514 genea-

150 1543 266 1619 logiarum
290 1546 495 1604 recensionem
513 1566 576 1604 esse
600 1547 737 1615 vidimus,
756 1545 892 1620 quaestio
917 1545 1038 1614 exsistit,
1056 1565 1126 1602 num
1143 1546 1289 1621 genuinus

149 1651 197 1709 libri
216 1664 303 1711 status
328 1673 363 1712 ex
388 1665 470 1729 parte
495 1654 588 1729 possit
612 1653 815 1727 redintegrari.
866 1653 935 1727 Qua
959 1653 996 1710 de
1020 1672 1051 1711 re
1085 1672 1146 1710 non
1170 1672 1289 1728 prorsus

148 1759 342 1834 desperandum
367 1770 419 1828 est,
445 1780 512 1817 cum
537 1771 652 1818 eeterac
678 1761 875 1830 recensiones,
910 1760 1044 1834 ‹pramvis
1076 1760 1193 1834 saepius
1218 1760 1289 1818 inte·

148 1867 248 1940 griorern
260 1878 370 1925 textum
384 1867 572 1935 servaverint,
587 1867 617 1924 in
631 1867 799 1924 uniuersum
811 1877 910 1924 tamen
924 1866 1122 1924 narrationem
1135 1866 1290 1941 pristinam

147 1991 192 2030 non
211 1976 346 2032 radicitus
371 1974 501 2032 vitiatam
526 1984 641 2032 exstare
671 1986 821 2034 testentur.
870 1975 959 2032 Ratio
986 1975 1075 2044 enirn,
1101 1994 1191 2048 quam
1216 1974 1290 2032 inter

148 2080 240 2141 diversa
262 2084 428 2140 falmlarum
454 2083 635 2157 exemplaria
668 2082 852 2141 intercedere
884 2082 1021 2151 vidimus,
1046 2101 1106 2140 non
1137 2080 1288 2156 permittit,

148 2199 171 2243 ut
187 2189 309 2248 libellum
334 2189 528 2266 epitonrando
553 2200 581 2248 et
606 2189 819 2264 amplificando
853 2208 971 2264 prorsus
996 2190 1191 2264 depravatum
1225 2207 1289 2246 esse

149 2293 287 2356 Schmidtio
305 2298 517 2355 concedamus,
566 2297 656 2355 Ansis
684 2297 779 2372 igitur,
806 2316 884 2371 quae
909 2297 947 2355 ad
971 2296 1186 2355 restituendum
1203 2296 1291 2353 datae

148 2414 204 2473 sunt,
220 2404 282 2463 freti
306 2415 418 2462 certum
436 2405 590 2479 quoddam
614 2423 708 2478 genus
725 2404 933 2478 quaestionum
958 2404 1125 2462 criticarum
1143 2402 1288 2478 eligimus,

147 2519 171 2563 ut
188 2528 223 2582 ea,
239 2532 315 2587 quae
332 2531 400 2570 vere
417 2511 592 2586 Hyginiana
608 2512 675 2581 sint,
695 2514 852 2571 enucleare
869 2531 1020 2570 conemur.
1072 2511 1204 2568 Maxime
1219 2530 1289 2568 vero

147 2610 216 2676 hodie
235 2619 302 2690 loci,
329 2619 380 2693 qui
404 2630 508 2694 poetas
533 2619 656 2676 Latinos
689 2618 858 2694 respiciunt,
876 2619 977 2677 idonei
1001 2619 1146 2688 videntur,
1164 2636 1290 2692 quorum

148 2719 176 2778 de
194 2726 297 2802 origine
321 2727 447 2802 amplius
471 2727 645 2801 disputetur,
672 2745 738 2783 cum
763 2726 948 2802 suspiciones
978 2726 1107 2784 virorum
1132 2726 1288 2783 doctorum

149 2829 229 2890 mirum
253 2845 397 2908 quantum
421 2834 623 2893 excitaverint.
672 2837 705 2891 ln
730 2834 827 2909 priore
852 2834 1068 2892 dissertationis
1097 2844 1181 2910 parte
1214 2833 1290 2890 inter

149 2932 238 2998 fabulas
254 2943 448 3016 interpolatas
466 2942 628 2999 nonnullae
648 2951 839 2998 occurrerunt
856 2941 956 3000 Ovidii
974 2960 1065 3017 opera
1083 2940 1248 2998 conflatae:
1266 2934 1288 3021 ¹)

148 3071 437 3090 κ...“....,--

232 3151 301 3219 1)ε1.
330 3161 457 3216 praeterea
486 3153 561 3200 uerba
586 3152 676 3215 capitis
699 3162 745 3215 145
774 3154 880 3215 Argus
907 3152 1150 3218 Arestorides,
1178 3168 1241 3215 quae
1259 3167 1289 3199 ex

149 3232 204 3289 Ovid.
230 3251 288 3291 met.
317 3244 337 3300 Ι,
353 3243 405 3300 624
430 3241 579 3304 interpolata
604 3257 657 3289 esse
683 3249 739 3304 post
759 3241 922 3289 Munckerum
943 3241 1106 3289 Schwartzius
1133 3240 1229 3288 monuit
1257 3241 1289 3291 de

148 3326 206 3378 schol.
224 3332 365 3381 Homericis
384 3331 541 3379 Fleckeisen.
563 3331 648 3378 annal.
672 3329 734 3393 phil.
755 3330 837 3392 suppl.
860 3329 909 3376 Xll
928 3345 954 3392 p.
975 3342 1026 3389 442
1047 3347 1072 3378 n.
1096 3344 1126 3387 2;
1150 3330 1182 3377 cf.
1199 3345 1220 3377 c.
1240 3329 1287 3392 183

147 3409 186 3474 (3⁶-
203 3425 224 3484 5)
242 3432 265 3472 et
290 3422 409 3486 marginis
441 3421 631 3469 adnotationem
656 3421 688 3468 ad
708 3437 730 3468 c.
755 3429 802 3484 125
823 3418 858 3485 (p,
883 3417 954 3485 109).
993 3421 1021 3467 ln
1049 3419 1134 3467 fabula
1153 3420 1187 3477 64
1213 3420 1289 3467 verba

148 3505 199 3558 sive
224 3513 366 3562 Proetus
400 3510 455 3578 (62.
474 3512 520 3576 22)
549 3529 564 3560 a
593 3512 741 3577 glossatore,
773 3511 814 3574 qui
845 3511 1014 3559 narrationem
1043 3509 1197 3557 Ovidianam
1229 3516 1287 3560 met.

150 3588 309 3663 V»236—249
329 3602 395 3650 male
416 3601 588 3666 intellegebat,
611 3601 708 3649 adiecta
728 3617 781 3648 esse
801 3600 948 3648 Munckerus
977 3599 1110 3664 coguovit3
1135 3598 1168 3646 cf.
1185 3598 1287 3645 Bursian

149 3678 282 3741 Fleckeisen.
304 3709 365 3741 ann.
387 3692 450 3755 phil.
472 3693 567 3753 xcssr,
588 3709 614 3754 p.
637 3702 695 3752 772,
733 3691 841 3754 Reliqua
860 3691 968 3739 narratio
993 3707 1044 3738 non
1063 3689 1121 3737 idco
1140 3688 1222 3752 spuria
1240 3695 1286 3752 est,

154 3779 253 3849 stodiis,
274 3799 338 3846 quae
359 3782 384 3829 in
413 3781 463 3830 fine
490 3783 578 3845 capitis
607 3781 776 3829 antecedentis
805 3788 868 3838 sunt,
900 3788 1035 3843 repugnat:
1059 3780 1104 3845 cl„
1134 3795 1196 3843 quae
1224 3785 1288 3825 recte

150 3872 213 3916 contra
228 3871 372 3920 Bursianum
391 3871 515 3920 Robertus
534 3871 661 3919 Eratosth.
683 3879 730 3919 cat.
752 3887 776 3933 p.
797 3879 847 3933 235
869 3886 893 3918 n.
916 3872 949 3918 28
968 3869 1074 3918 monuit.
1113 3868 1288 3917 Narrationem

151 3961 216 4016 tutem,
236 3978 386 4026 quamquam
406 3978 461 4009 cum
483 3961 644 4010 antecedente
672 3960 759 4022 capitis
779 3968 847 4022 parte
877 3960 911 4008 ita
940 3959 1057 4017 concinit,
1090 3969 1115 4008 ut
1150 3959 1208 4006 inde
1238 3956 1287 4004 lere

150 4046 227 4101 repetita
243 4051 363 4114 videatur,
386 4051 520 4113 genuinam
540 4067 593 4099 esse
613 4050 668 4112 ipsa
687 4048 793 4097 elocutio
813 4051 903 4111 probat
952 4050 1035 4098 Verba
1067 4064 1204 4113 eumque
1233 4061 1288 4109 per

152 4124 234 4185 dolum
252 4139 451 4193 interlicere
481 4140 591 4188 voluit
618 4139 705 4188 iterum
724 4139 839 4202 leguntur
857 4139 882 4185 in
902 4139 982 4201 eapite
1003 4152 1053 4200 219
1072 4140 1143 4202 (129.
1170 4137 1226 4201 12):
1250 4135 1283 4182 cf.

152 4228 302 4296 praetereant)
317 4229 408 4277 vidit
426 4231 575 4279 Perseum
595 4237 721 4278 tantam
736 4229 899 4276 virtutem
914 4229 1037 4276 habere
1053 4238 1111 4277 etc.
1130 4238 1161 4288 79
1178 4222 1282 4292 (81,4):

152 4314 319 4380 luodJovis
348 4335 405 4366 eos
425 4335 490 4367 curn
519 4319 662 4367 vidisset
691 4326 820 4366 tantam
849 4317 1011 4365 virtutem
1030 4317 1168 4373 habere,
1192 4330 1213 4365 c.
1240 4314 1286 4375 189

152 4378 202 4447 (¹²0.
219 4409 264 4470 21).
284 4436 318 4444 -
338 4409 379 4457 ab
401 4408 549 4457 humana
567 4408 684 4471 specie
703 4416 754 4456 est
773 4407 963 4459 immutatus
982 4412 1007 4454 et
1020 4421 1041 4453 c.
1064 4414 1110 4470 125
1129 4405 1201 4470 (107.
1225 4406 1282 4472 15);

153 4493 213 4542 llos
228 4495 284 4547 illa
307 4500 345 4547 ab
364 4496 509 4548 humana
528 4499 641 4561 specie
660 4473 860 4546 immutavit.
